2143 3848
79 233 231 295 TPARs
258 230 304 292 Ι.
563 233 646 292 De
673 233 803 294 Vita
828 233 1014 296 Felice.
1059 234 1268 297 SEcno
1302 239 1410 302 IV.
1617 256 1702 316 79

95 370 389 451 prudentia
429 390 553 431 cum
585 372 644 430 in
677 374 1070 451 dignoscendis
1111 373 1172 435 &
1211 370 1565 436 dimetiendis
1595 374 1698 434 bo-

96 455 184 513 nis
205 501 219 526 ,
265 472 404 532 quae
434 452 833 527 conferuntur,
865 470 981 515 tum
1006 457 1063 514 in
1094 457 1341 534 personis
1359 454 1696 533 deligendiS,

102 535 298 612 quibus
322 535 676 603 tribuuntur3
707 536 1033 612 magnitudo
1067 538 1265 597 virium
1288 535 1658 597 adhibitarum
1676 582 1697 608 ‚

102 618 163 674 ἀ
192 616 435 693 jaEturae
468 613 690 671 alterius
722 617 877 675 causa
905 617 1120 691 factae3
1144 615 1377 678 facilitas
1388 659 1411 690 ,
1440 635 1544 695 qua
1573 615 1700 694 quis

101 696 304 755 auxilio
344 709 603 771 egentem
633 739 649 766 ‚
711 698 797 755 vel
835 716 1166 776 rogantem,
1223 701 1313 760 vel
1357 699 1535 770 ultr0,
1582 716 1697 757 non

101 774 500 835 contumeliose
528 792 623 834 aut
643 775 876 854 superbe
912 779 1164 856 adjuvit3
1197 780 1410 841 oblivio
1433 775 1570 837 faeti
1598 778 1698 836 be-

78 855 306 928 *nefici3
349 855 578 923 firmitas
621 859 775 930 voti,
831 879 900 918 ne
938 861 1018 932 is,
1065 860 1155 920 cui
1186 863 1444 922 collatum
1485 857 1566 917 est
1599 859 1696 915 be-

96 936 358 997 neficium
373 980 395 1011 ,
418 956 489 995 ex
511 936 856 1016 cogitatione
882 941 950 1000 de
971 941 1184 1020 gratiae
1211 944 1478 1005 relatione
1506 939 1597 1001 Vel
1618 939 1698 998 le-

90 1020 365 1078 vissimum
385 1018 632 1077 dolorem
660 1022 958 1100 concipiat.

82 1126 90 1131 ·
175 1101 268 1159 De
298 1100 684 1178 magnitudine
713 1121 809 1161 aut
827 1103 1139 1180 exiguitate
1169 1102 1436 1164 beneficii
1465 1102 1696 1182 constare

85 1179 261 1239 debet
273 1223 296 1255 ‚
325 1196 385 1238 ut
415 1198 667 1240 accurata
692 1182 814 1241 fieri
836 1186 1005 1260 poffit
1028 1185 1241 1261 gratiae
1266 1184 1593 1245 referendae
1611 1184 1694 1244 di-

94 1262 303 1322 mensio
319 1307 336 1336 ,
382 1263 452 1322 de
490 1267 594 1342 qua
638 1262 728 1344 (ᾗ.
776 1263 953 1342 165.)
986 1282 1316 1343 exponetur.

120 1477 137 1483 -
175 1426 225 1505 §-
241 1427 442 1487 CXXI.
461 1423 704 1507 Quartus
712 1425 991 1505 societatis
994 1425 1214 1503 fruetus
1231 1429 1311 1489 est
1328 1433 1499 1508 major
1520 1448 1695 1510 oppor-

91 1514 294 1568 tunitas
320 1510 694 1583 cmspamndae
729 1511 1041 1586 cognitionis
1068 1512 1237 1572 utilis.
1283 1511 1310 1588 (
1327 1511 1376 1591 §.
1397 1516 1535 1592 72.)
1569 1517 1701 1574 Stu-

95 1592 248 1648 dium
278 1587 612 1664 cognitionis
638 1589 841 1666 cuique
869 1590 949 1647 est
975 1590 1215 1653 inlitum.
1259 1593 1283 1673 (
1298 1594 1348 1672 §.
1368 1592 1498 1672 70.)
1532 1596 1697 1655 Haec

97 1669 470 1729 adolescentes
511 1668 772 1745 virosque
815 1671 1007 1728 mellea
1043 1672 1336 1731 dulcedine
1368 1674 1692 1749 perfundit,

95 1771 163 1809 ac
189 1750 442 1829 rugosam
460 1748 647 1808 senum
672 1749 918 1809 frontem
953 1751 1215 1828 explicat.
1259 1753 1384 1836 Qua
1413 1769 1477 1812 ut
1499 1754 1698 1830 jucun-

96 1832 272 1890 ditate
291 1878 306 1904 ‚
327 1831 502 1890 brutis
516 1830 877 1891 animantibus
897 1847 1097 1910 negata
1112 1879 1128 1906 ‚
1154 1832 1466 1893 frueremur
1484 1880 1499 1907 ‚
1516 1834 1697 1895 infan-

100 1932 183 1971 tes
220 1930 416 1971 recens
437 1926 817 1983 natosvnatura
850 1913 1148 1989 conjunxit
1192 1933 1321 1972 cum
1351 1914 1582 1988 adultis,
1629 1932 1693 1975 ut

96 1995 163 2050 ab
182 1992 266 2050 his
297 1992 504 2050 discant
512 1991 702 2067 sapere
729 1989 931 2066 &fari
947 2036 964 2063 ,
989 1993 1202 2051 adultos
1231 2011 1370 2051 vero
1394 2014 1520 2053 cum
1548 1997 1701 2055 adul-

75 2074 195 2145 ·tiS,
240 2088 304 2130 ut
337 2076 469 2129 dum
507 2071 699 2148 singuli
740 2073 989 2130 laborant
1016 2091 1209 2132 verum
1239 2072 1570 2151 exquirere,
1611 2075 1702 2135 alii

94 2154 320 2214 aliorum
347 2152 485 2210 fiant
505 2151 762 2212 doctores
789 2153 954 2211 etiam
970 2152 1145 2214 inscii.
1184 2153 1505 2215 Veritatem
1533 2175 1698 2234 quae-

97 2235 272 2294 rendo
295 2232 357 2293 &
373 2233 606 2292 errando
621 2233 879 2294 fecerunt
901 2235 1139 2311 majores
1155 2277 1177 2307 ,
1204 2253 1275 2294 ne
1294 2252 1483 2295 errent
1508 2236 1699 2315 poste-

94 2316 159 2377 ri.
218 2316 392 2394 Saepe
415 2314 513 2388 fit,
547 2330 610 2373 ut
634 2314 791 2376 unius
831 2330 925 2375 aut
962 2336 1270 2393 paucorum
1304 2315 1527 2393 ingenia
1555 2319 1698 2378 mul-

96 2399 172 2457 tis
193 2398 481 2456 hominum.
508 2396 747 2456 millibus
776 2417 874 2476 per
897 2399 1124 2474 longam
1150 2397 1463 2459 seculorum
1498 2398 1697 2461 seriem

96 2480 275 2538 lucem
307 2475 634 2552 praeferant.

177 2557 286 2616 Sed
323 2576 438 2615 non
477 2557 654 2614 omnis
690 2558 946 2635 cognitio
993 2556 1073 2616 est
1109 2558 1388 2634 salutari3‚
1433 2579 1575 2640 quae
1607 2560 1697 2622 vi-

97 2637 279 2698 detur.
377 2636 553 2716 Igitur
580 2655 683 2694 nec
706 2657 1059 2717 quaecunque
1093 2639 1405 2716 ignorantia
1440 2661 1550 2702 nec
1578 2641 1701 2721 qui-

98 2719 237 2779 libet
288 2737 448 2776 error
499 2733 670 2776 nocet
701 2763 716 2790 ,
771 2720 1021 2797 quamvis
1077 2719 1247 2779 homo
1296 2742 1462 2802 aegre
1512 2722 1693 2796 ferat,

97 2803 225 2862 suae
252 2798 448 2858 sciendi
475 2798 761 2874 cupiditati
783 2820 895 2858 non
927 2800 1195 2860 satisfieri.
1278 2804 1403 2863 Alia
1430 2823 1601 2863 rerum
1631 2804 1696 2866 δε

83 2881 353 2960 fabiorum
392 2879 669 2958 ignoratio
700 2881 766 2938 ad
799 2880 1038 2940 feliciter
1074 2882 1379 2944 vivendum
1419 2901 1698 2965 perpetuo

99 2963 180 3022 est
197 2960 514 3021 necessaria:
536 2979 735 3037 nempe
763 2982 869 3041 qua
897 2961 1147 3022 submota
1176 2965 1242 3022 ab
1266 2965 1474 3025 utiliori
1496 2966 1696 3046 cogni·

99 3044 255 3102 tione
280 3041 610 3120 adquirenda
635 3044 720 3102 vel
746 3042 947 3102 utenda
978 3043 1435 3121 prohiberemur:
1480 3067 1608 3107 cum
1638 3069 1694 3107 v.

96 3146 149 3187 c.
189 3122 353 3185 nimis
381 3122 566 3186 multis
590 3123 833 3188 intentus
862 3124 1044 3187 minor
1070 3125 1220 3189 foret
1245 3127 1314 3190 ad
1344 3127 1553 3210 singula
1577 3127 1698 3188 sen-

1585 3206 1689 3271 sus,
