2143 3848
107 228 252 289 PARS
278 225 352 287 11.
504 222 725 291 Felicem
752 224 1078 289 ducentibus.
1113 223 1334 293 Sne-no
1356 223 1494 289 VII.
1597 243 1716 307 25⁹5

108 372 338 431 eandem
368 368 569 431 habent
600 369 843 431 indolem
872 370 1117 430 nativam
1135 417 1153 444 ‚
1190 370 1717 452 (temperamentum)

110 452 265 512 faclu
312 450 393 511 est
426 449 750 526 perdifficile
773 495 790 522 ‚
832 450 889 508 id
930 471 1042 528 quo
1078 453 1264 514 minus
1295 457 1365 513 de
1392 454 1552 515 factis
1581 455 1723 514 libe-

113 534 187 592 ris
231 533 389 608 plane
450 528 725 588 eximatur
752 575 769 599 ‚
822 530 1023 589 idonea
1067 532 1214 592 haud
1263 535 1509 613 suppetit
1553 534 1718 598 ratio,

111 612 363 677 Difficile
400 607 482 667 est
524 610 691 668 cuivis
731 609 960 683 homini,
1006 629 1209 672 exorto
1242 635 1295 676 v.
1325 634 1377 676 e.
1422 615 1722 694 repentino

111 692 304 755 mortis
335 690 621 769 pericul0‚
666 691 818 769 quod
854 690 1112 751 imminet
1154 696 1221 753 ab
1259 694 1480 774 impetu
1509 696 1720 773 injusto

113 771 349 835 hominis
388 771 641 831 societati
676 770 972 843 utiliffimi‚
1021 773 1168 833 vitae
1209 775 1337 837 suae
1371 775 1723 856 profundent

108 857 212 915 dae
248 851 436 931 pretio
484 871 738 930 magnum
778 872 1114 934 manensque
1148 855 1429 917 societatis
1467 876 1723 916 commo-

111 938 246 997 dum
271 933 569 994 redimere.
614 934 870 996 Arduum
893 934 976 995 est
1006 935 1186 997 cuivis
1215 938 1432 999 homini
1443 939 1720 1016 phlegma-

112 1022 250 1091 tica,
301 1013 489 1077 faciles
529 1013 821 1094 fortesque
853 1032 1036 1076 motus
1063 1037 1277 1095 capere.
1332 1022 1550 1082 Verum
1582 1023 1720 1079 haec

112 1101 232 1159 talis
269 1095 567 1155 difficultas
591 1141 607 1168 ‚
647 1112 914 1175 quatenus
952 1097 1034 1155 est
1073 1098 1430 1176 superabilis,
1471 1120 1584 1161 non
1626 1119 1724 1178 pe-

109 1179 264 1239 rimit
289 1176 632 1249 libertatem,
673 1176 917 1253 proinde
943 1195 1050 1234 nec
1079 1178 1499 1257 obligationem.
1561 1183 1722 1243 Hinc

109 1257 374 1338 imputari
401 1256 630 1335 poffunt
668 1257 791 1315 illae
830 1259 1057 1316 afflones
1092 1260 1476 1322 involuntariae
1509 1306 1530 1337 ‚
1583 1282 1717 1341 quae

109 1344 269 1415 mali,
298 1340 426 1416 qnod
454 1341 521 1398 ab
540 1340 666 1398 aliis
690 1342 969 1411 metuitur,
989 1342 1256 1415 gravioris
1286 1343 1437 1421 (veri
1465 1361 1561 1402 aut
1592 1344 1720 1420 opi-

109 1423 254 1497 nati)
288 1421 492 1481 vitandi
514 1417 673 1496 causa
698 1417 1081 1498 suscipiuntur.
1150 1424 1351 1482 Metus
1374 1422 1457 1483 est
1479 1440 1724 1502 praemo-

111 1502 261 1583 lestia
295 1522 363 1560 ex
396 1501 560 1572 mala,
604 1502 752 1576 quod
795 1516 1051 1578 tanquam
1090 1518 1392 1563 eventurum
1432 1509 1721 1583 cogitatur.

115 1588 304 1645 Metus
324 1584 512 1660 gravis
527 1579 607 1639 est
624 1582 752 1639 mali
778 1580 1061 1640 aterbioris
1078 1581 1328 1660 instantis
1350 1587 1714 1664 praesagitirh

111 1669 244 1745 quod
265 1667 350 1725 νεῖ
375 1665 530 1742 plane
567 1682 665 1720 non
685 1707 701 1729 .
747 1663 832 1722 νεῖ
849 1682 945 1720 non
971 1664 1164 1736 aliter,
1208 1684 1361 1741 quam
1382 1683 1478 1743 per
1497 1687 1720 1745 gravem

103 1752 373 1829 jadaram
414 1746 579 1803 vitari
598 1741 735 1822 poffi’
752 1790 767 1817 ‚
797 1741 1075 1818 verosimile
1097 1746 1320 1805 videtur.
1357 1747 1511 1808 Talis
1537 1765 1724 1807 metus

113 1850 227 1890 non
267 1827 449 1887 aufert
486 1826 708 1902 eligendi
748 1828 1114 1903 potestatem,
1155 1827 1261 1887 hac
1298 1827 1442 1888 salva
1476 1827 1724 1906 superest

108 1913 366 1981 libertaS,
411 1927 546 1986 ergo
576 1906 838 1981 &rati0‚
883 1927 981 1966 cur
1017 1906 1164 1967 actio
1192 1908 1345 1969 recte
1385 1911 1719 1987 imputetur.

199 1995 253 2049 fs
282 1990 482 2066 igitur,
525 1988 619 2064 qui
638 1987 945 2063 imputandi
968 1987 1260 2066 negotium
1286 1989 1547 2067 suscipit,
1583 1991 1718 2069 quid

109 2068 240 2133 ante
284 2069 465 2128 omnia
503 2067 808 2145 probabit?
854 2070 899 2126 F
901 2067 1121 2142 aetum,
1178 2069 1332 2148 quod
1369 2071 1596 2130 videtur
1633 2074 1725 2129 ho-

109 2173 264 2225 num,
305 2171 334 2209 a
368 2148 691 2209 necestitate
728 2148 953 2228 physica
990 2148 1136 2208 haud
1163 2149 1327 2210 fuiffe
1360 2150 1720 2229 profectum,

109 2234 205 2295 sed
232 2233 321 2294 vel
351 2252 382 2291 a
414 2230 712 2308 repentino
753 2229 906 2289 recl-e
938 2229 1139 2308 agendi
1167 2233 1488 2309 propolim,
1519 2234 1612 2294 vel
1652 2234 1722 2293 ab

111 2315 304 2374 habitu
331 2315 476 2372 bene
504 2310 566 2371 ἃ
593 2310 894 2370 secundum
924 2313 1075 2389 leges
1104 2312 1302 2391 agendi
1323 2314 1569 2391 potuisse
1585 2334 1721 2392 pro-

109 2394 288 2455 ficisci
307 2437 324 2459 .
348 2392 558 2451 factum
577 2410 714 2448 vero
734 2393 931 2452 malum
950 2413 979 2451 a
995 2393 1102 2450 dolo
1119 2439 1134 2465 ‚
1165 2394 1252 2452 νεῖ
1270 2396 1423 2471 culpa
1445 2396 1526 2476 (ς.
1548 2393 1724 2473 128.)

113 2471 356 2553 potuisse
382 2470 530 2529 oriri.
568 2469 729 2544 Casus
763 2470 844 2547 (ᾗ.
875 2472 1034 2547 eod.)
1079 2492 1192 2531 non
1217 2474 1552 2553 imputatur,
1592 2474 1720 2554 quia

113 2552 311 2614 deficit
340 2550 542 2626 agendi
569 2551 661 2607 vel
689 2551 909 2609 libertas
939 2552 1026 2609 vel
1050 2553 1314 2627 obligatio,

186 2634 302 2693 Ubi
318 2632 665 2709 imprudentia
689 2631 1059 2710 (negligencia,
1080 2634 1285 2693 incuria
1300 2634 1588 2713 ‚socordem
1607 2638 1717 2696 cul·

113 2714 212 2795 pa)
245 2712 413 2790 officio
438 2710 692 2790 (perfetio
719 2725 814 2770 aut
841 2710 1160 2789 imperfec‘io)
1191 2717 1500 2790 contraria,
1526 2719 1604 2780 ibi
1622 2720 1713 2780 vel

114 2797 308 2857 deficit
335 2796 426 2855 vel
448 2794 602 2871 Justo
627 2793 863 2852 debilior
894 2793 976 2852 est
999 2795 1243 2855 intentio
1273 2799 1439 2859 animi
1464 2800 1519 2859 in
1558 2801 1718 2880 cogi-

118 2880 391 2938 tationem
435 2876 551 2953 ejus
583 2874 744 2946 mali,
791 2874 944 2951 cujus
983 2874 1199 2935 vitandi
1248 2879 1402 2940 causa
1441 2882 1533 2941 vel
1568 2882 1717 2960 quod

118 2977 233 3019 non
279 2956 485 3016 fastum
526 2954 608 3014 est
650 2955 807 3028 fieri,
849 2956 937 3014 vel
988 2955 1140 3029 quod
1184 2959 1397 3037 gestum
1439 2961 1559 3037 est,
1616 2978 1717 3022 aut

120 3039 350 3099 omnino
375 3055 483 3098 non
502 3083 516 3108 ‚
537 3052 632 3096 aut
662 3038 871 3096 nonita
889 3081 905 3110 ‚
943 3036 1023 3098 uti
1041 3035 1254 3114 gestum
1281 3043 1393 3118 est,
1411 3044 1527 3122 geri
1548 3062 1719 3120 opor-

119 3136 318 3182 tuerat.
402 3120 596 3180 Habet
636 3117 824 3197 itaque
863 3118 1020 3197 culpa
1059 3120 1259 3194 gradus
1293 3144 1398 3203 pro
1438 3123 1613 3202 gradu
1654 3122 1716 3183 li-

1591 3205 1715 3264 ber·
