2143 3848
446 248 525 304 66
586 291 611 296 ,
976 242 1061 300 De
1083 241 1214 299 Vim
1244 241 1430 301 felice.
1666 254 1675 260 ‘
1838 253 1988 314 PARS
2010 249 2056 314 Ι,

448 392 696 466 doloris,
741 409 863 451 cum
903 392 1061 450 male.
1148 392 1530 471 Repentiuam
1578 394 1913 471 aegritudini
1942 401 2064 459 suae

449 478 803 553 voluptatem
841 475 1208 549 interponunt
1248 475 1584 547 calamitosi,
1630 496 1758 536 cum
1797 480 1933 537 mala
1970 481 2062 539 sua

449 557 820 617 referentibus
858 554 1049 612 saltem
1069 570 1266 632 patent
1300 575 1456 615 aures
1487 557 1730 631 alienae,
1775 557 1836 618 δέ
1867 559 2060 619 huma·

426 650 554 698 'iius
585 637 849 697 auditoris
868 651 961 693 aut
992 636 1318 711 speciatoris
1345 639 1534 697 vultus
1563 638 1693 716 ipsss
1725 640 2056 718 persuadet,

450 740 568 780 non
617 718 878 795 int-lignos
919 717 973 775 se
1013 717 1184 777 videri
1210 761 1230 791 ,
1262 718 1467 798 quibus
1501 719 1729 780 meliora
1767 723 2057 781 eveniant.

451 804 605 862 Tum
636 801 786 860 casus
816 799 1028 858 referre
1062 800 1221 876 suOS,
1266 801 1558 862 infandum
1590 810 1868 876 renovare
1905 803 2060 863 dolo·
2130 815 2133 819 '

448 903 566 942 rem
586 930 602 958 ‚
632 883 694 943 &a
725 883 900 955 fiere,
935 881 1017 940 est
1048 885 1324 961 voluptas,
1367 883 1468 942 Cui
1499 881 1664 941 facile
1696 882 1902 958 fuerit,
1939 906 1969 943 a
2003 884 2057 943 se
2138 888 2142 890 ’

447 965 780 1042 impetrare,
810 978 871 1022 ut
897 964 1221 1044 congreffus
1256 964 1547 1025 hominum
1580 964 1739 1042 plane
1770 964 1983 1043 fugiat,
2015 965 2060 1023 is

448 1047 601 1106 ferre
642 1065 752 1105 non
790 1045 1007 1124 poterit
1046 1046 1316 1107 invidiam
1347 1046 1630 1118 omnium,
1676 1044 1739 1105 ἅ
1767 1065 1838 1106 ex
1875 1066 1940 1106 ea
1966 1064 2089 1106 na·-

447 1143 562 1188 tam
591 1130 647 1188 in
682 1128 887 1186 summa
917 1128 1234 1208 frequentia
1267 1129 1640 1189 solitudinem.

530 1211 712 1290 Igitur
747 1211 983 1288 primum
1018 1228 1247 1270 veretur
1280 1210 1489 1282 houm,
1536 1229 1607 1269 ne
1640 1207 1927 1288 displiceat
1964 1211 2063 1269 ho·

447 1290 604 1352 mini.
649 1291 752 1350 Cui
782 1292 1125 1371 consequens
1157 1292 1273 1366 est,
1323 1309 1385 1351 ut
1415 1292 1708 1370 vulgatum
1738 1292 1902 1353 illud:
1947 1294 2060 1351 ode-
2097 1297 2108 1333 ’ὲ

445 1378 586 1447 rint,
628 1376 748 1431 dum
773 1387 1042 1449 metemur,
1089 1377 1155 1434 fit
1187 1372 1527 1434 contrarium
1559 1373 1689 1433 huic
1722 1387 1954 1433 naturae
1979 1374 2062 1433 in-

446 1456 676 1516 stinctui
705 1500 720 1528 ,
768 1455 831 1515 ἃ
867 1458 1070 1534 prodat
1108 1458 1446 1535 degenerem
1480 1456 1745 1515 animum.

529 1539 758 1598 Deinde
788 1538 958 1597 homo
989 1555 1050 1597 ut
1092 1540 1310 1615 placeat
1341 1536 1585 1606 homini,
1619 1554 1681 1590 ea
1711 1534 1882 1607 facit,
1921 1554 2064 1613 quae

443 1621 701 1699 placent,
747 1619 859 1676 hoc
895 1620 976 1677 est
1021 1621 1147 1676 aliis
1179 1616 1418 1695 jucunda
1471 1612 1539 1679 ἐξ
1584 1615 1741 1671 utilia
1776 1615 2062 1678 videntur.

447 1701 673 1761 Gaudet
705 1699 886 1759 videri
915 1717 1136 1758 comem
1159 1746 1173 1771 ‚
1208 1698 1483 1775 probum,
1526 1694 1840 1768 efficacem,
1882 1700 2064 1756 verbo
2099 1716 2127 1727 ⁸

444 1802 605 1855 eum,
653 1781 712 1839 iu
753 1780 913 1857 cujus
958 1780 1216 1838 bonitate
1253 1777 1313 1837 ἃ
1354 1775 1634 1836 alacritate
1675 1777 1764 1835 alii
1799 1778 2063 1840 fiduciam

444 1880 662 1943 ponere
698 1876 921 1940 queant.
1009 1863 1106 1920 Sic
1139 1878 1361 1933 natura,
1405 1879 1545 1937 quos
1585 1861 1815 1918 occulto
1843 1858 2058 1939 impetu

442 1945 634 2023 pellit,
676 1943 803 2002 suae
843 1941 1098 2002 utilitatis
1127 1941 1284 2002 causa
1317 1957 1381 1999 ut
1419 1939 1592 1998 amari
1628 1941 1893 2016 cupiant,
1935 1942 2064 2003 ino·

440 2025 695 2103 pinantes
723 2021 880 2082 ducit
909 2025 1206 2101 cogitque,
1244 2037 1315 2085 utv
1343 2018 1602 2080 studeant
1637 2017 1750 2080 effe
1780 2025 2060 2087 amabiles,

526 2186 575 2267 §.
612 2186 800 2245 CVII.
885 2186 1103 2245 Harum
1141 2182 1593 2244 observationum
1617 2183 1822 2244 veritas
1844 2185 1909 2244 iis
1945 2205 2061 2249 non

445 2268 702 2342 eliditur,
737 2286 879 2345 quae
908 2267 1070 2345 supra
1098 2266 1656 2326 commemoravimus
1688 2265 1752 2325 ad
1790 2283 1955 2328 vetus
1979 2268 2059 2327 di·
2103 2272 2124 2283 ''

445 2353 598 2412 ctum
622 2349 1098 2422 confirmandum,
1141 2348 1425 2407 hominem
1456 2345 1671 2405 homini
1701 2347 1932 2425 lupum,
1969 2350 2061 2409 vel

441 2450 506 2492 ut
537 2434 603 2493 ad
640 2433 781 2492 illam
807 2430 1140 2490 sententiam
1170 2428 1648 2489 accommodatius
1691 2428 1869 2490 dicam
1891 2477 1907 2502 ‚
1943 2449 2061 2490 ma-

443 2517 555 2577 lum
583 2515 910 2574 daemonem
939 2511 1084 2585 effe,
1115 2510 1212 2571 nisi
1241 2511 1299 2572 vi
1320 2508 1587 2588 metuque
1603 2509 1905 2588 subigatur.
1941 2511 2059 2592 Qui

441 2598 523 2658 fic
551 2595 836 2669 sentiunt,
876 2594 947 2653 de
985 2591 1259 2652 foeditate
1295 2591 1493 2651 indolis
1518 2589 1849 2665 hominum,
1891 2591 1946 2652 in
1975 2594 2061 2651 so-

440 2680 650 2741 cietate
679 2675 1026 2747 viventium,
1053 2674 1249 2734 dicunt
1282 2672 1532 2734 nimium.
1576 2671 1738 2731 Num
1775 2671 1926 2733 enim
1959 2693 2061 2734 ex·
2125 2684 2143 2692 '‘

441 2759 715 2841 perientia
731 2757 1026 2817 confirmat
1045 2803 1060 2828 ‚
1080 2776 1202 2816 eum
1217 2756 1310 2835 qui
1327 2756 1450 2832 plus
1464 2751 1654 2831 potest
1668 2799 1685 2827 ,
1704 2754 1917 2832 semper
1933 2756 2062 2833 plus
2129 2825 2131 2829 Α

445 2844 652 2901 habere
677 2839 914 2898 malitiae
932 2841 960 2897 ἓ)
986 2839 1148 2897 Num
1182 2834 1498 2898 verosimile
1525 2833 1639 2907 est,
1675 2851 1925 2896 naturam
1950 2856 2058 2896 nos

443 2938 715 3002 perpetua
741 2919 1048 2979 diffidentia
1081 2919 1324 2979 divulsos
1356 2934 1572 2996 ponere
1601 2916 1660 2976 in
1704 2917 1925 2994 specula
1948 2937 2057 2977 vo·
2104 2934 2143 3001 *ᾗ

444 3002 599 3065 luisse
619 3049 636 3075 ,
678 3017 738 3061 ut
765 3001 1092 3060 alterutrum
1120 3000 1381 3078 eligamus
1400 3044 1416 3071 ‚
1442 3013 1536 3054 aut
1556 2996 1822 3058 invadere
1847 3014 1944 3058 aut
1967 2999 2054 3059 in-

400 3127 403 3130 -
443 3083 619 3144 vadi?
649 3089 739 3143 An
762 3083 872 3140 hoc
901 3083 1105 3159 patitui·
1122 3082 1402 3158 analogia,
1430 3078 1505 3159 (ᾗ.
1523 3080 1657 3155 99.)
1687 3081 1848 3159 cujus
1866 3100 2055 3140 aman-
2116 3110 2142 3168 «ἶ

445 3184 562 3230 tem
598 3163 662 3228 <Sc
706 3181 964 3228 tenacem
1002 3163 1114 3229 effe
1153 3179 1407 3228 naturam
1450 3159 1546 3242 (§.
1577 3159 1721 3240 40.)
1765 3161 2053 3301 vidimng?
2116 3168 2138 3230 3÷÷

1002 3264 1005 3268 .
2010 3263 2057 3302 3·

2104 3736 2143 3848 9334}
2110 3638 2143 3726 {⁴352
