<?xml version="1.0" encoding="UTF-8"?>
<!DOCTYPE html PUBLIC "-//W3C//DTD XHTML 1.0 Transitional//EN"
    "http://www.w3.org/TR/xhtml1/DTD/xhtml1-transitional.dtd">
<html xmlns="http://www.w3.org/1999/xhtml" xml:lang="en" lang="en">
 <head>
  <title>
</title>
<meta http-equiv="Content-Type" content="text/html;charset=utf-8" />
  <meta name='ocr-system' content='tesseract 3.04.00' />
  <meta name='ocr-capabilities' content='ocr_page ocr_carea ocr_par ocr_line ocrx_word'/>
</head>
<body>
  <div class='ocr_page' id='page_1' title='image "./fundamentajurisp00pest_0250.png"; bbox 0 0 2143 3848; ppageno 0'>
   <div class='ocr_carea' id='block_1_1' title="bbox 429 238 2067 328">
    <p class='ocr_par' dir='ltr' id='par_1_1' title="bbox 429 238 2067 328">
     <span class='ocr_line' id='line_1_1' title="bbox 429 238 2067 328; baseline 0.008 -22"><span class='ocrx_word' id='word_1_1' title='bbox 429 267 551 328; x_wconf 73' lang='lat'>242</span> <span class='ocrx_word' id='word_1_2' title='bbox 694 244 784 306; x_wconf 77' lang='lat' dir='ltr'>De</span> <span class='ocrx_word' id='word_1_3' title='bbox 808 241 1048 322; x_wconf 83' lang='lat' dir='ltr'><em>Legibus</em></span> <span class='ocrx_word' id='word_1_4' title='bbox 1075 238 1440 307; x_wconf 72' lang='lat' dir='ltr'>Naturalihus</span> <span class='ocrx_word' id='word_1_5' title='bbox 1460 241 1532 305; x_wconf 81' lang='lat' dir='ltr'>ad</span> <span class='ocrx_word' id='word_1_6' title='bbox 1566 239 1750 307; x_wconf 72' lang='lat' dir='ltr'>Vitam</span> <span class='ocrx_word' id='word_1_7' title='bbox 1829 253 1975 315; x_wconf 69' lang='lat' dir='ltr'>PAns</span> <span class='ocrx_word' id='word_1_8' title='bbox 1993 256 2067 320; x_wconf 84' lang='lat'>11.</span> 
     </span>
    </p>
   </div>
   <div class='ocr_carea' id='block_1_2' title="bbox 437 393 2081 1377">
    <p class='ocr_par' dir='ltr' id='par_1_2' title="bbox 437 393 2074 711">
     <span class='ocr_line' id='line_1_2' title="bbox 535 393 2072 474; baseline -0.008 -13"><span class='ocrx_word' id='word_1_9' title='bbox 535 401 732 461; x_wconf 82' lang='lat' dir='ltr'><em>Orbem</em></span> <span class='ocrx_word' id='word_1_10' title='bbox 764 412 897 474; x_wconf 81' lang='lat' dir='ltr'>pene</span> <span class='ocrx_word' id='word_1_11' title='bbox 931 407 1096 456; x_wconf 80' lang='lat' dir='ltr'>totum</span> <span class='ocrx_word' id='word_1_12' title='bbox 1139 397 1299 456; x_wconf 72' lang='grc' dir='ltr'><em>νὶἑῖον</em></span> <span class='ocrx_word' id='word_1_13' title='bbox 1344 394 1620 460; x_wconf 73' lang='lat' dir='ltr'><em>Romanus</em></span> <span class='ocrx_word' id='word_1_14' title='bbox 1651 393 1881 453; x_wconf 69' lang='lat' dir='ltr'>habehat</span> <span class='ocrx_word' id='word_1_15' title='bbox 1908 439 1925 465; x_wconf 81' lang='lat'><strong>‚</strong></span> <span class='ocrx_word' id='word_1_16' title='bbox 1982 408 2072 451; x_wconf 80' lang='lat' dir='ltr'>nec</span> 
     </span>
     <span class='ocr_line' id='line_1_3' title="bbox 437 474 2074 565; baseline -0.009 -21"><span class='ocrx_word' id='word_1_17' title='bbox 437 481 689 565; x_wconf 75' lang='lat' dir='ltr'>satiatus</span> <span class='ocrx_word' id='word_1_18' title='bbox 721 491 858 541; x_wconf 77' lang='lat' dir='ltr'>crat.</span> <span class='ocrx_word' id='word_1_19' title='bbox 936 478 1269 539; x_wconf 83' lang='lat' dir='ltr'>Debellatur</span> <span class='ocrx_word' id='word_1_20' title='bbox 1309 479 1514 539; x_wconf 77' lang='lat' dir='ltr'>oriens,</span> <span class='ocrx_word' id='word_1_21' title='bbox 1609 474 1845 553; x_wconf 83' lang='lat' dir='ltr'>Accipit</span> <span class='ocrx_word' id='word_1_22' title='bbox 1886 475 2074 552; x_wconf 86' lang='lat' dir='ltr'>leges,</span> 
     </span>
     <span class='ocr_line' id='line_1_4' title="bbox 450 554 2072 646; baseline -0.01 -18"><span class='ocrx_word' id='word_1_23' title='bbox 450 568 627 646; x_wconf 82' lang='lat' dir='ltr'>inque</span> <span class='ocrx_word' id='word_1_24' title='bbox 654 560 842 625; x_wconf 89' lang='lat' dir='ltr'>vicem</span> <span class='ocrx_word' id='word_1_25' title='bbox 878 559 1120 638; x_wconf 85' lang='lat' dir='ltr'>superbo</span> <span class='ocrx_word' id='word_1_26' title='bbox 1140 559 1409 622; x_wconf 85' lang='lat' dir='ltr'>domitori</span> <span class='ocrx_word' id='word_1_27' title='bbox 1445 554 1632 619; x_wconf 82' lang='lat' dir='ltr'>reddit</span> <span class='ocrx_word' id='word_1_28' title='bbox 1654 558 1849 617; x_wconf 80' lang='lat' dir='ltr'><strong>luxum</strong></span> <span class='ocrx_word' id='word_1_29' title='bbox 1869 575 1934 615; x_wconf 81' lang='lat' dir='ltr'>ac</span> <span class='ocrx_word' id='word_1_30' title='bbox 1963 554 2072 614; x_wconf 80' lang='lat' dir='ltr'>ser-</span> 
     </span>
     <span class='ocr_line' id='line_1_5' title="bbox 449 649 718 711; baseline -0.019 0"><span class='ocrx_word' id='word_1_31' title='bbox 449 649 718 711; x_wconf 86' lang='lat' dir='ltr'>vitutem.</span> 
     </span>
    </p>

    <p class='ocr_par' dir='ltr' id='par_1_3' title="bbox 450 718 2072 878">
     <span class='ocr_line' id='line_1_6' title="bbox 532 718 2072 794; baseline -0.008 -3"><span class='ocrx_word' id='word_1_32' title='bbox 532 730 740 794; x_wconf 57' lang='lat' dir='ltr'>Vifftus</span> <span class='ocrx_word' id='word_1_33' title='bbox 763 724 915 787; x_wconf 85' lang='lat' dir='ltr'>orbis</span> <span class='ocrx_word' id='word_1_34' title='bbox 946 743 1127 788; x_wconf 89' lang='lat' dir='ltr'>novus</span> <span class='ocrx_word' id='word_1_35' title='bbox 1155 722 1338 786; x_wconf 85' lang='lat' dir='ltr'>statim</span> <span class='ocrx_word' id='word_1_36' title='bbox 1370 723 1646 785; x_wconf 56' lang='lat' dir='ltr'>victorem</span> <span class='ocrx_word' id='word_1_37' title='bbox 1681 718 1962 787; x_wconf 86' lang='lat' dir='ltr'>ulciscitur</span> <span class='ocrx_word' id='word_1_38' title='bbox 1984 738 2072 779; x_wconf 88' lang='lat' dir='ltr'>or·</span> 
     </span>
     <span class='ocr_line' id='line_1_7' title="bbox 450 816 603 878; baseline -0.046 0"><span class='ocrx_word' id='word_1_39' title='bbox 450 816 603 878; x_wconf 87' lang='lat' dir='ltr'>bem.</span> 
     </span>
    </p>

    <p class='ocr_par' dir='ltr' id='par_1_4' title="bbox 450 883 2081 1377">
     <span class='ocr_line' id='line_1_8' title="bbox 535 883 2076 971; baseline -0.006 -18"><span class='ocrx_word' id='word_1_40' title='bbox 535 898 646 957; x_wconf 90' lang='lat' dir='ltr'>Pro</span> <span class='ocrx_word' id='word_1_41' title='bbox 679 892 853 971; x_wconf 81' lang='lat' dir='ltr'>gloria</span> <span class='ocrx_word' id='word_1_42' title='bbox 891 890 1150 968; x_wconf 84' lang='lat' dir='ltr'>principis</span> <span class='ocrx_word' id='word_1_43' title='bbox 1183 883 1253 954; x_wconf 60' lang='grc' dir='ltr'>ἐρ’</span> <span class='ocrx_word' id='word_1_44' title='bbox 1289 889 1469 964; x_wconf 77' lang='lat' dir='ltr'>gentis</span> <span class='ocrx_word' id='word_1_45' title='bbox 1502 884 1698 964; x_wconf 78' lang='lat' dir='ltr'><strong>singuli</strong></span> <span class='ocrx_word' id='word_1_46' title='bbox 1731 885 1884 946; x_wconf 88' lang='lat' dir='ltr'>cives</span> <span class='ocrx_word' id='word_1_47' title='bbox 1924 903 2076 944; x_wconf 82' lang='lat' dir='ltr'>arma</span> 
     </span>
     <span class='ocr_line' id='line_1_9' title="bbox 450 967 2078 1056; baseline -0.007 -19"><span class='ocrx_word' id='word_1_48' title='bbox 450 994 702 1056; x_wconf 88' lang='lat' dir='ltr'>opesque</span> <span class='ocrx_word' id='word_1_49' title='bbox 719 970 976 1033; x_wconf 79' lang='lat' dir='ltr'>alacriter</span> <span class='ocrx_word' id='word_1_50' title='bbox 1002 969 1307 1030; x_wconf 85' lang='lat' dir='ltr'>conferunt</span> <span class='ocrx_word' id='word_1_51' title='bbox 1323 1014 1340 1042; x_wconf 90' lang='lat'>‚</span> <span class='ocrx_word' id='word_1_52' title='bbox 1370 984 1433 1028; x_wconf 86' lang='lat' dir='ltr'>ut</span> <span class='ocrx_word' id='word_1_53' title='bbox 1459 968 1603 1029; x_wconf 86' lang='lat' dir='ltr'>fines</span> <span class='ocrx_word' id='word_1_54' title='bbox 1631 967 1853 1044; x_wconf 83' lang='lat' dir='ltr'>imperii</span> <span class='ocrx_word' id='word_1_55' title='bbox 1877 983 2078 1030; x_wconf 82' lang='lat' dir='ltr'>exten-</span> 
     </span>
     <span class='ocr_line' id='line_1_10' title="bbox 450 1048 2081 1130; baseline -0.009 -12"><span class='ocrx_word' id='word_1_56' title='bbox 450 1059 678 1120; x_wconf 81' lang='lat' dir='ltr'>dantur.</span> <span class='ocrx_word' id='word_1_57' title='bbox 779 1052 934 1117; x_wconf 86' lang='lat' dir='ltr'>Voti</span> <span class='ocrx_word' id='word_1_58' title='bbox 983 1049 1230 1112; x_wconf 82' lang='lat' dir='ltr'>damnati</span> <span class='ocrx_word' id='word_1_59' title='bbox 1271 1069 1438 1130; x_wconf 89' lang='lat' dir='ltr'>quem</span> <span class='ocrx_word' id='word_1_60' title='bbox 1482 1049 1729 1109; x_wconf 63' lang='lat' dir='ltr'>frucium</span> <span class='ocrx_word' id='word_1_61' title='bbox 1764 1048 2081 1128; x_wconf 72' lang='lat' dir='ltr'>colligunt?</span> 
     </span>
     <span class='ocr_line' id='line_1_11' title="bbox 453 1129 2080 1215; baseline -0.006 -15"><span class='ocrx_word' id='word_1_62' title='bbox 453 1141 543 1200; x_wconf 91' lang='lat' dir='ltr'>Ut</span> <span class='ocrx_word' id='word_1_63' title='bbox 579 1139 686 1199; x_wconf 89' lang='lat' dir='ltr'>smt</span> <span class='ocrx_word' id='word_1_64' title='bbox 716 1137 774 1197; x_wconf 88' lang='lat' dir='ltr'>in</span> <span class='ocrx_word' id='word_1_65' title='bbox 819 1132 1105 1215; x_wconf 86' lang='lat' dir='ltr'>posterum</span> <span class='ocrx_word' id='word_1_66' title='bbox 1145 1132 1429 1192; x_wconf 81' lang='lat' dir='ltr'><strong>deteriore</strong></span> <span class='ocrx_word' id='word_1_67' title='bbox 1480 1129 1813 1190; x_wconf 83' lang='lat' dir='ltr'>conditione</span> <span class='ocrx_word' id='word_1_68' title='bbox 1843 1177 1860 1204; x_wconf 93' lang='lat'>‚</span> <span class='ocrx_word' id='word_1_69' title='bbox 1921 1149 2080 1209; x_wconf 82' lang='lat' dir='ltr'>quam</span> 
     </span>
     <span class='ocr_line' id='line_1_12' title="bbox 456 1211 2076 1301; baseline -0.008 -18"><span class='ocrx_word' id='word_1_70' title='bbox 456 1242 567 1301; x_wconf 87' lang='lat' dir='ltr'>qua</span> <span class='ocrx_word' id='word_1_71' title='bbox 592 1220 819 1280; x_wconf 83' lang='lat' dir='ltr'>fuerant</span> <span class='ocrx_word' id='word_1_72' title='bbox 842 1262 859 1289; x_wconf 88' lang='lat'>‚</span> <span class='ocrx_word' id='word_1_73' title='bbox 901 1216 1129 1294; x_wconf 87' lang='lat' dir='ltr'>parique</span> <span class='ocrx_word' id='word_1_74' title='bbox 1151 1214 1254 1273; x_wconf 87' lang='lat' dir='ltr'>illis</span> <span class='ocrx_word' id='word_1_75' title='bbox 1271 1259 1291 1289; x_wconf 85' lang='lat'>,</span> <span class='ocrx_word' id='word_1_76' title='bbox 1332 1233 1477 1293; x_wconf 86' lang='lat' dir='ltr'>quos</span> <span class='ocrx_word' id='word_1_77' title='bbox 1498 1211 1762 1291; x_wconf 84' lang='lat' dir='ltr'>princeps</span> <span class='ocrx_word' id='word_1_78' title='bbox 1777 1256 1797 1287; x_wconf 91' lang='lat'><strong><em>,</em></strong></span> <span class='ocrx_word' id='word_1_79' title='bbox 1819 1211 2076 1272; x_wconf 88' lang='lat' dir='ltr'>omnium</span> 
     </span>
     <span class='ocr_line' id='line_1_13' title="bbox 455 1297 1138 1377; baseline -0.01 -14"><span class='ocrx_word' id='word_1_80' title='bbox 455 1301 746 1375; x_wconf 73' lang='lat' dir='ltr'>dominUS,</span> <span class='ocrx_word' id='word_1_81' title='bbox 790 1297 1138 1377; x_wconf 85' lang='lat' dir='ltr'>subjugavit.</span> 
     </span>
    </p>
   </div>
   <div class='ocr_carea' id='block_1_3' title="bbox 461 1495 2073 1526">
    <p class='ocr_par' dir='ltr' id='par_1_5' title="bbox 461 1495 2073 1526">
     <span class='ocr_line' id='line_1_14' title="bbox 461 1495 2073 1526; baseline 0 2322"><span class='ocrx_word' id='word_1_82' title='bbox 461 1495 2073 1526; x_wconf 95' lang='lat' dir='ltr'> </span> 
     </span>
    </p>
   </div>
   <div class='ocr_carea' id='block_1_4' title="bbox 835 1629 1693 1711">
    <p class='ocr_par' dir='ltr' id='par_1_6' title="bbox 835 1629 1693 1711">
     <span class='ocr_line' id='line_1_15' title="bbox 835 1629 1693 1711; baseline -0.007 -7"><span class='ocrx_word' id='word_1_83' title='bbox 835 1631 1422 1706; x_wconf 86' lang='lat' dir='ltr'>SECTIO</span> <span class='ocrx_word' id='word_1_84' title='bbox 1557 1629 1693 1711; x_wconf 70' lang='lat' dir='ltr'>VI,</span> 
     </span>
    </p>
   </div>
   <div class='ocr_carea' id='block_1_5' title="bbox 1141 1791 1425 1868">
    <p class='ocr_par' dir='ltr' id='par_1_7' title="bbox 1141 1791 1425 1868">
     <span class='ocr_line' id='line_1_16' title="bbox 1141 1791 1425 1868; baseline -0.004 -15"><span class='ocrx_word' id='word_1_85' title='bbox 1141 1791 1425 1868; x_wconf 76' lang='lat' dir='ltr'><em>Aequitas.</em></span> 
     </span>
    </p>
   </div>
   <div class='ocr_carea' id='block_1_6' title="bbox 458 1948 2089 2502">
    <p class='ocr_par' dir='ltr' id='par_1_8' title="bbox 458 1948 2088 2043">
     <span class='ocr_line' id='line_1_17' title="bbox 458 1948 2088 2043; baseline -0.006 -25"><span class='ocrx_word' id='word_1_86' title='bbox 458 1960 514 2043; x_wconf 79' lang='lat'>§.</span> <span class='ocrx_word' id='word_1_87' title='bbox 534 1953 840 2017; x_wconf 89' lang='lat' dir='ltr'><strong>CCLXXI.</strong></span> <span class='ocrx_word' id='word_1_88' title='bbox 1027 1952 1228 2014; x_wconf 85' lang='lat' dir='ltr'>idimus</span> <span class='ocrx_word' id='word_1_89' title='bbox 1258 1952 1560 2013; x_wconf 87' lang='lat' dir='ltr'>utilitatem</span> <span class='ocrx_word' id='word_1_90' title='bbox 1599 1949 1827 2030; x_wconf 82' lang='lat' dir='ltr'>generis</span> <span class='ocrx_word' id='word_1_91' title='bbox 1858 1948 2088 2013; x_wconf 80' lang='lat' dir='ltr'>humani</span> 
     </span>
    </p>

    <p class='ocr_par' dir='ltr' id='par_1_9' title="bbox 462 2030 2089 2502">
     <span class='ocr_line' id='line_1_18' title="bbox 1054 2030 2089 2111; baseline -0.005 -18"><span class='ocrx_word' id='word_1_92' title='bbox 1054 2035 1164 2093; x_wconf 76' lang='lat' dir='ltr'>ess&#39;e</span> <span class='ocrx_word' id='word_1_93' title='bbox 1194 2047 1415 2094; x_wconf 78' lang='lat' dir='ltr'>matrem</span> <span class='ocrx_word' id='word_1_94' title='bbox 1444 2031 1601 2111; x_wconf 81' lang='lat' dir='ltr'>justi.</span> <span class='ocrx_word' id='word_1_95' title='bbox 1669 2035 1753 2092; x_wconf 86' lang='lat' dir='ltr'>At</span> <span class='ocrx_word' id='word_1_96' title='bbox 1783 2030 1961 2102; x_wconf 88' lang='lat' dir='ltr'>enim,</span> <span class='ocrx_word' id='word_1_97' title='bbox 2005 2030 2089 2089; x_wconf 89' lang='lat' dir='ltr'>in·</span> 
     </span>
     <span class='ocr_line' id='line_1_19' title="bbox 465 2111 2088 2198; baseline -0.004 -22"><span class='ocrx_word' id='word_1_98' title='bbox 465 2116 627 2198; x_wconf 74' lang='lat' dir='ltr'>qui8‚</span> <span class='ocrx_word' id='word_1_99' title='bbox 669 2120 812 2194; x_wconf 81' lang='lat' dir='ltr'>rigor</span> <span class='ocrx_word' id='word_1_100' title='bbox 836 2120 978 2188; x_wconf 72' lang='lat' dir='ltr'>juris</span> <span class='ocrx_word' id='word_1_101' title='bbox 996 2116 1231 2176; x_wconf 86' lang='lat' dir='ltr'>multum</span> <span class='ocrx_word' id='word_1_102' title='bbox 1260 2114 1386 2175; x_wconf 84' lang='lat' dir='ltr'>mali</span> <span class='ocrx_word' id='word_1_103' title='bbox 1410 2113 1586 2192; x_wconf 82' lang='lat' dir='ltr'>parit,</span> <span class='ocrx_word' id='word_1_104' title='bbox 1616 2111 1678 2172; x_wconf 65' lang='grc' dir='ltr'>ἃ</span> <span class='ocrx_word' id='word_1_105' title='bbox 1704 2112 1860 2172; x_wconf 57' lang='lat' dir='ltr'>recle</span> <span class='ocrx_word' id='word_1_106' title='bbox 1878 2111 2088 2172; x_wconf 86' lang='lat' dir='ltr'>dicitur</span> 
     </span>
     <span class='ocr_line' id='line_1_20' title="bbox 467 2192 2086 2278; baseline -0.004 -21"><span class='ocrx_word' id='word_1_107' title='bbox 467 2197 805 2278; x_wconf 84' lang='lat' dir='ltr'>proverbio:</span> <span class='ocrx_word' id='word_1_108' title='bbox 834 2197 1100 2275; x_wconf 77' lang='lat' dir='ltr'><em>summum</em></span> <span class='ocrx_word' id='word_1_109' title='bbox 1130 2198 1231 2273; x_wconf 79' lang='lat' dir='ltr'>jus</span> <span class='ocrx_word' id='word_1_110' title='bbox 1250 2195 1418 2273; x_wconf 77' lang='lat' dir='ltr'>saepe</span> <span class='ocrx_word' id='word_1_111' title='bbox 1442 2193 1659 2272; x_wconf 73' lang='lat' dir='ltr'><em>summa</em></span> <span class='ocrx_word' id='word_1_112' title='bbox 1698 2195 1920 2271; x_wconf 78' lang='lat' dir='ltr'>injuria.</span> <span class='ocrx_word' id='word_1_113' title='bbox 1981 2192 2086 2252; x_wconf 87' lang='lat' dir='ltr'>Di-</span> 
     </span>
     <span class='ocr_line' id='line_1_21' title="bbox 465 2274 2086 2357; baseline -0.004 -17"><span class='ocrx_word' id='word_1_114' title='bbox 465 2298 580 2357; x_wconf 84' lang='lat' dir='ltr'>gna</span> <span class='ocrx_word' id='word_1_115' title='bbox 603 2279 685 2339; x_wconf 88' lang='lat' dir='ltr'>est</span> <span class='ocrx_word' id='word_1_116' title='bbox 717 2297 805 2337; x_wconf 89' lang='lat' dir='ltr'>res</span> <span class='ocrx_word' id='word_1_117' title='bbox 825 2326 841 2352; x_wconf 90' lang='lat'>,</span> <span class='ocrx_word' id='word_1_118' title='bbox 887 2298 1025 2357; x_wconf 82' lang='lat' dir='ltr'>quae</span> <span class='ocrx_word' id='word_1_119' title='bbox 1048 2279 1278 2338; x_wconf 84' lang='lat' dir='ltr'>ulterius</span> <span class='ocrx_word' id='word_1_120' title='bbox 1311 2276 1654 2354; x_wconf 78' lang='lat' dir='ltr'>dispiciatur.</span> <span class='ocrx_word' id='word_1_121' title='bbox 1738 2274 2086 2353; x_wconf 74' lang='lat' dir='ltr'>Exquirendi</span> 
     </span>
     <span class='ocr_line' id='line_1_22' title="bbox 462 2355 2086 2439; baseline -0.002 -19"><span class='ocrx_word' id='word_1_122' title='bbox 462 2360 593 2420; x_wconf 86' lang='lat' dir='ltr'>sunt</span> <span class='ocrx_word' id='word_1_123' title='bbox 625 2361 767 2421; x_wconf 89' lang='lat' dir='ltr'>fines</span> <span class='ocrx_word' id='word_1_124' title='bbox 773 2359 912 2439; x_wconf 76' lang='lat' dir='ltr'>justi</span> <span class='ocrx_word' id='word_1_125' title='bbox 933 2359 997 2420; x_wconf 74' lang='grc' dir='ltr'>δε</span> <span class='ocrx_word' id='word_1_126' title='bbox 1030 2362 1214 2436; x_wconf 80' lang='lat' dir='ltr'>aequi,</span> <span class='ocrx_word' id='word_1_127' title='bbox 1239 2357 1301 2420; x_wconf 68' lang='grc' dir='ltr'>ἃ</span> <span class='ocrx_word' id='word_1_128' title='bbox 1324 2357 1619 2436; x_wconf 77' lang='lat' dir='ltr'>utriusque</span> <span class='ocrx_word' id='word_1_129' title='bbox 1652 2355 1991 2436; x_wconf 76' lang='lat' dir='ltr'>conspiratio</span> <span class='ocrx_word' id='word_1_130' title='bbox 2015 2357 2086 2417; x_wconf 85' lang='lat' dir='ltr'>ad</span> 
     </span>
     <span class='ocr_line' id='line_1_23' title="bbox 465 2441 1149 2502; baseline 0 0"><span class='ocrx_word' id='word_1_131' title='bbox 465 2441 759 2502; x_wconf 87' lang='lat' dir='ltr'>hominum</span> <span class='ocrx_word' id='word_1_132' title='bbox 798 2441 1149 2502; x_wconf 79' lang='lat' dir='ltr'>felicitatem.</span> 
     </span>
    </p>
   </div>
   <div class='ocr_carea' id='block_1_7' title="bbox 453 2602 2091 3332">
    <p class='ocr_par' dir='ltr' id='par_1_10' title="bbox 468 2602 2091 3092">
     <span class='ocr_line' id='line_1_24' title="bbox 553 2602 2091 2685; baseline 0.001 -20"><span class='ocrx_word' id='word_1_133' title='bbox 553 2604 609 2685; x_wconf 48' lang='grc' dir='ltr'>ᾗ.</span> <span class='ocrx_word' id='word_1_134' title='bbox 652 2605 992 2667; x_wconf 86' lang='lat' dir='ltr'><strong>CCLXXII.</strong></span> <span class='ocrx_word' id='word_1_135' title='bbox 1051 2602 1293 2666; x_wconf 85' lang='lat' dir='ltr'>Interest</span> <span class='ocrx_word' id='word_1_136' title='bbox 1325 2605 1603 2679; x_wconf 74' lang='lat' dir='ltr'>hominiS‚</span> <span class='ocrx_word' id='word_1_137' title='bbox 1640 2604 1818 2666; x_wconf 78' lang='lat' dir='ltr'>calere</span> <span class='ocrx_word' id='word_1_138' title='bbox 1843 2604 2091 2667; x_wconf 76' lang='lat' dir='ltr'>caritatis</span> 
     </span>
     <span class='ocr_line' id='line_1_25' title="bbox 468 2683 2089 2768; baseline -0.001 -22"><span class='ocrx_word' id='word_1_139' title='bbox 468 2706 608 2766; x_wconf 80' lang='lat' dir='ltr'>erga</span> <span class='ocrx_word' id='word_1_140' title='bbox 667 2687 927 2749; x_wconf 87' lang='lat' dir='ltr'>homines</span> <span class='ocrx_word' id='word_1_141' title='bbox 980 2683 1072 2768; x_wconf 53' lang='grc' dir='ltr'>(Β.</span> <span class='ocrx_word' id='word_1_142' title='bbox 1136 2685 1315 2766; x_wconf 83' lang='lat'>103.)</span> <span class='ocrx_word' id='word_1_143' title='bbox 1373 2687 1579 2748; x_wconf 76' lang='lat' dir='ltr'>studio,</span> <span class='ocrx_word' id='word_1_144' title='bbox 1679 2687 1928 2746; x_wconf 85' lang='lat' dir='ltr'>Accedit</span> <span class='ocrx_word' id='word_1_145' title='bbox 1975 2687 2089 2746; x_wconf 81' lang='lat' dir='ltr'>sae-</span> 
     </span>
     <span class='ocr_line' id='line_1_26' title="bbox 469 2767 2088 2853; baseline 0.002 -27"><span class='ocrx_word' id='word_1_146' title='bbox 469 2787 815 2853; x_wconf 82' lang='lat' dir='ltr'>penumero‚</span> <span class='ocrx_word' id='word_1_147' title='bbox 847 2785 946 2842; x_wconf 89' lang='lat' dir='ltr'>ut,</span> <span class='ocrx_word' id='word_1_148' title='bbox 998 2768 1102 2829; x_wconf 87' lang='lat' dir='ltr'>nisi</span> <span class='ocrx_word' id='word_1_149' title='bbox 1141 2771 1210 2829; x_wconf 83' lang='lat' dir='ltr'>ab</span> <span class='ocrx_word' id='word_1_150' title='bbox 1253 2769 1352 2830; x_wconf 86' lang='lat' dir='ltr'>usu</span> <span class='ocrx_word' id='word_1_151' title='bbox 1395 2770 1541 2849; x_wconf 84' lang='lat' dir='ltr'>juris</span> <span class='ocrx_word' id='word_1_152' title='bbox 1588 2767 1872 2846; x_wconf 81' lang='lat' dir='ltr'>cujusdam</span> <span class='ocrx_word' id='word_1_153' title='bbox 1912 2767 2088 2830; x_wconf 87' lang='lat' dir='ltr'>nostri</span> 
     </span>
     <span class='ocr_line' id='line_1_27' title="bbox 469 2848 2090 2931; baseline 0.001 -22"><span class='ocrx_word' id='word_1_154' title='bbox 469 2849 873 2927; x_wconf 70' lang='lat' dir='ltr'>abstineamUS,</span> <span class='ocrx_word' id='word_1_155' title='bbox 917 2850 977 2911; x_wconf 89' lang='lat' dir='ltr'>id</span> <span class='ocrx_word' id='word_1_156' title='bbox 1016 2870 1280 2931; x_wconf 77' lang='lat' dir='ltr'>agamUS,</span> <span class='ocrx_word' id='word_1_157' title='bbox 1322 2852 1473 2931; x_wconf 85' lang='lat' dir='ltr'>quod</span> <span class='ocrx_word' id='word_1_158' title='bbox 1505 2849 1582 2912; x_wconf 79' lang='lat' dir='ltr'>illi</span> <span class='ocrx_word' id='word_1_159' title='bbox 1617 2848 1870 2925; x_wconf 83' lang='lat' dir='ltr'>caritati,</span> <span class='ocrx_word' id='word_1_160' title='bbox 1893 2849 2090 2929; x_wconf 87' lang='lat' dir='ltr'>proin-</span> 
     </span>
     <span class='ocr_line' id='line_1_28' title="bbox 470 2930 2088 3018; baseline 0.002 -29"><span class='ocrx_word' id='word_1_161' title='bbox 470 2930 547 2989; x_wconf 87' lang='lat' dir='ltr'>de</span> <span class='ocrx_word' id='word_1_162' title='bbox 583 2933 865 2994; x_wconf 86' lang='lat' dir='ltr'>societatis</span> <span class='ocrx_word' id='word_1_163' title='bbox 901 2933 1062 2995; x_wconf 79' lang='lat' dir='ltr'>saluti</span> <span class='ocrx_word' id='word_1_164' title='bbox 1104 2931 1187 2994; x_wconf 91' lang='lat' dir='ltr'>est</span> <span class='ocrx_word' id='word_1_165' title='bbox 1235 2933 1599 2996; x_wconf 77' lang='lat' dir='ltr'>contrarium.</span> <span class='ocrx_word' id='word_1_166' title='bbox 1689 2932 1824 3018; x_wconf 74' lang='lat' dir='ltr'>Quo</span> <span class='ocrx_word' id='word_1_167' title='bbox 1862 2934 2088 3012; x_wconf 76' lang='lat' dir='ltr'>posim,</span> 
     </span>
     <span class='ocr_line' id='line_1_29' title="bbox 473 3014 1814 3092; baseline -0.001 -16"><span class='ocrx_word' id='word_1_168' title='bbox 473 3015 700 3076; x_wconf 85' lang='lat' dir='ltr'>necesse</span> <span class='ocrx_word' id='word_1_169' title='bbox 741 3015 823 3075; x_wconf 88' lang='lat' dir='ltr'>est</span> <span class='ocrx_word' id='word_1_170' title='bbox 849 3061 867 3089; x_wconf 91' lang='lat'>‚</span> <span class='ocrx_word' id='word_1_171' title='bbox 921 3029 987 3075; x_wconf 89' lang='lat' dir='ltr'>ut</span> <span class='ocrx_word' id='word_1_172' title='bbox 1026 3015 1117 3092; x_wconf 87' lang='lat' dir='ltr'>jus</span> <span class='ocrx_word' id='word_1_173' title='bbox 1156 3014 1407 3075; x_wconf 86' lang='lat' dir='ltr'>nostrum</span> <span class='ocrx_word' id='word_1_174' title='bbox 1451 3015 1814 3075; x_wconf 78' lang='lat' dir='ltr'>dimittamus·</span> 
     </span>
    </p>

    <p class='ocr_par' dir='ltr' id='par_1_11' title="bbox 453 3094 2085 3265">
     <span class='ocr_line' id='line_1_30' title="bbox 558 3094 2085 3177; baseline -0.003 -22"><span class='ocrx_word' id='word_1_175' title='bbox 558 3098 880 3175; x_wconf 80' lang='lat' dir='ltr'>Benignitas</span> <span class='ocrx_word' id='word_1_176' title='bbox 910 3094 1193 3173; x_wconf 70' lang='lat' dir='ltr'>intermff)</span> <span class='ocrx_word' id='word_1_177' title='bbox 1214 3099 1362 3177; x_wconf 76' lang='lat' dir='ltr'>juris</span> <span class='ocrx_word' id='word_1_178' title='bbox 1395 3097 1422 3174; x_wconf 93' lang='lat'><strong>(</strong></span> <span class='ocrx_word' id='word_1_179' title='bbox 1438 3096 1488 3177; x_wconf 71' lang='lat'>§.</span> <span class='ocrx_word' id='word_1_180' title='bbox 1539 3096 1718 3174; x_wconf 77' lang='lat'>262.)</span> <span class='ocrx_word' id='word_1_181' title='bbox 1749 3094 1854 3175; x_wconf 76' lang='lat' dir='ltr'><em>,usu</em></span> <span class='ocrx_word' id='word_1_182' title='bbox 1882 3095 2085 3154; x_wconf 76' lang='lat' dir='ltr'>demon-</span> 
     </span>
     <span class='ocr_line' id='line_1_31' title="bbox 453 3175 2082 3265; baseline -0.009 -23"><span class='ocrx_word' id='word_1_183' title='bbox 453 3178 645 3265; x_wconf 77' lang='lat' dir='ltr'><em>strata</em></span> <span class='ocrx_word' id='word_1_184' title='bbox 673 3197 912 3245; x_wconf 80' lang='lat' dir='ltr'>vocatur</span> <span class='ocrx_word' id='word_1_185' title='bbox 942 3182 1207 3258; x_wconf 73' lang='lat' dir='ltr'>aequitas,</span> <span class='ocrx_word' id='word_1_186' title='bbox 1288 3177 1474 3258; x_wconf 84' lang='lat' dir='ltr'>Igitur</span> <span class='ocrx_word' id='word_1_187' title='bbox 1497 3194 1700 3244; x_wconf 68' lang='lat' dir='ltr'>natum</span> <span class='ocrx_word' id='word_1_188' title='bbox 1743 3175 2082 3264; x_wconf 59' lang='lat' dir='ltr'>aequitatem</span> 
     </span>
    </p>

    <p class='ocr_par' dir='ltr' id='par_1_12' title="bbox 1898 3267 2084 3332">
     <span class='ocr_line' id='line_1_32' title="bbox 1898 3267 2084 3332; baseline 0.016 -22"><span class='ocrx_word' id='word_1_189' title='bbox 1898 3267 2084 3332; x_wconf 65' lang='lat' dir='ltr'>junxit</span> 
     </span>
    </p>
   </div>
  </div>
 </body>
</html>
