2143 3848
77 241 218 303 ms
235 237 280 300 1.
586 236 671 295 De
697 235 831 297 Vita
853 237 1038 299 Felice.
1084 238 1415 301 StcnoIII.
1612 259 1690 321 29
1712 304 1715 307 .

78 382 231 440 vitae
259 377 645 466 prorogationi
673 376 910 439 obstant.
955 378 1160 451 Rat10‚
1201 377 1369 457 hujus
1390 376 1686 443 instinctus

78 460 370 532 naturaIIS‚
400 461 480 517 aad
509 458 564 516 se
590 457 1028 517 conservandum
1060 458 1123 520 &
1156 458 1572 521 defendendum
1604 464 1685 522 ni·

77 537 734 614 tentis,-=vehementiam
782 538 1163 613 considerans,
1205 540 1573 618 deprehendit
1604 542 1686 601 sa-

77 622 234 701 piens
279 618 561 678 confilium
604 633 830 675 naturae
857 665 873 690 ‚
930 620 1229 696 prohibere
1273 621 1555 695 volentiS,
1612 640 1685 680 ne

77 706 152 761 ob
190 700 595 779 qualescunque
634 698 906 757 molestias
943 719 1098 759 acres
1138 717 1231 760 aut
1261 701 1541 762 diuturnas
1580 702 1685 762 ho-

77 782 251 842 mines
280 779 458 857 capiat
487 778 725 838 vivendi
753 779 1017 841 taedium.
1078 782 1252 841 Ratio
1283 799 1570 860 praeterea
1596 783 1687 842 vi-

75 863 208 933 det,
251 859 732 919 continuationem
774 859 982 920 vinculi
1011 908 1027 933 ‚
1092 863 1239 942 quod
1289 864 1501 924 animae
1552 883 1684 924 curn

76 958 322 1018 corpore
347 942 446 1000 suo
472 939 777 1000 intercedit
795 986 812 1013 ‚
848 940 959 1000 effe
982 942 1402 1004 fundamentum
1426 945 1683 1023 praesen-

58 1023 146 1082 ·tis
172 1020 481 1092 felicitati8‚
515 1019 578 1081 ἃ
604 1021 780 1080 veluti
805 1022 1001 1082 atrium
1024 1023 1268 1083 futurae.
1292 1024 1370 1103 (ff.
1398 1025 1686 1103 17.)C0n-

74 1104 245 1164 cludit
262 1149 279 1178 ,
323 1122 392 1162 eo
421 1101 531 1162 effe
556 1101 879 1161 enitendum
899 1147 917 1177 ‚
961 1119 1022 1162 ut
1049 1106 1165 1165 vita
1189 1106 1573 1170 conservetur.

802 1220 828 1250 O

158 1265 211 1345 ᾗ.
258 1266 409 1326 LIX.
495 1264 664 1327 Mors
690 1266 1003 1326 voluntaria
1028 1268 1101 1327 ob
1135 1269 1379 1332 taedium
1410 1271 1560 1334 vitae
1593 1271 1688 1331 suss

75 1348 258 1423 scepta
287 1348 460 1408 oritur
497 1366 569 1405 ex
592 1365 816 1419 errore,
861 1366 961 1424 per
993 1366 1111 1408 eam
1147 1350 1315 1412 solam
1345 1353 1403 1412 id
1436 1351 1683 1412 taedium

75 1428 223 1486 finiri
264 1427 452 1507 poffe,
495 1429 642 1507 quod
671 1429 1083 1489 intolerandum
1121 1432 1366 1494 videtur.
1433 1435 1488 1492 Is
1524 1450 1690 1490 error

77 1507 161 1566 uti
197 1508 277 1566 est
318 1525 499 1569 certus
537 1509 707 1569 index
744 1509 916 1568 animi
955 1510 1332 1589 desperantis,
1376 1513 1454 1573 ita
1494 1511 1558 1573 ἃ
1598 1512 1682 1572 in-

79 1588 229 1666 genii
270 1588 445 1646 minus
485 1589 824 1666 perspicacis.
914 1592 1068 1652 Nam
1104 1609 1168 1652 ut
1214 1596 1437 1654 tollatur
1477 1594 1695 1654 malum

79 1669 369 1746 praesen3‚
409 1668 731 1747 plerumque
765 1668 1051 1746 opinatum
1074 1718 1092 1746 ,
1135 1673 1480 1755 (apparens)
1527 1689 1688 1733 certet*

76 1767 190 1806 non
227 1749 378 1807 omni
417 1748 798 1807 consolatione
829 1749 1184 1824 destitutum,
1230 1755 1324 1836 (§.
1373 1756 1508 1832 31.)
1550 1753 1682 1814 mali

76 1829 245 1902 novi,
277 1828 544 1907 gravioris
562 1877 577 1902 ,
606 1827 911 1902 manentis,
944 1829 1116 1891 status
1146 1833 1355 1892 scilicet
1379 1833 1506 1912 post
1533 1852 1685 1892 mor-

75 1923 187 1968 tem
215 1909 542 1968 infelicioris
557 1950 579 1980 ,
621 1925 834 1967 certum
857 1911 1165 1985 periculum
1193 1915 1397 1975 aditur.

158 1989 435 2061 Statuitur,
476 1990 612 2046 mala
635 1989 781 2045 vitae
812 1988 1018 2047 diutius
1042 1991 1179 2050 ferri
1203 2011 1315 2050 non
1334 1994 1514 2070 posse.
1556 1994 1687 2055 Ve-'

71 2091 195 2131 rum
222 2070 423 2129 multae
450 2068 779 2127 acerbitates
820 2068 936 2127 tolli
964 2069 1221 2147 possunt,
1263 2072 1428 2132 fonte
1455 2073 1679 2151 opinio-

71 2154 159 2213 nis
177 2198 191 2224 ,
219 2171 288 2210 ex
306 2171 408 2228 qua
433 2163 718 2208 manarunt
733 2194 747 2220 ‚
769 2148 1076 2210 obstructo,
1109 2155 1342 2215 CATom
1364 2174 1497 2214 num
1514 2154 1645 2212 ideo
1660 2200 1684 2231 ,

71 2233 219 2302 quod
254 2231 466 2306 semper
502 2232 559 2289 in
607 2228 896 2307 proposito
945 2232 1262 2309 manfiffet,
1323 2236 1681 2295 moriundum

71 2302 258 2392 fiotius
299 2313 410 2372 fnit
437 2358 456 2386 ,
509 2332 672 2390 quam
724 2312 910 2372 vultus
958 2315 1321 2377 CAESARIS
1370 2316 1680 2395 adspicien-

72 2396 215 2454 dus?

157 2476 339 2533 Multa
357 2520 372 2545 ,
401 2494 632 2551 quorum
650 2475 834 2535 sensus
859 2476 939 2537 est
952 2478 1019 2535 as
1008 2479 1306 2555 perritnuS,
1335 2482 1493 2540 brevi
1514 2480 1675 2560 post,

73 2555 216 2614 statu
251 2570 468 2630 praeter
497 2556 965 2631 exspeetationem
996 2577 1210 2620 mutato
1232 2609 1249 2635 ,
1294 2562 1674 2640 depelluntur,

73 2653 166 2696 aut
191 2634 484 2694 leniuntur.

159 2713 386 2775 Fuerint
409 2730 592 2774 autem
622 2714 753 2773 dura
782 2718 1034 2796 perpessu
1053 2766 1070 2789 ‚
1114 2719 1177 2779 ἂ
1213 2722 1311 2782 vix
1336 2722 1675 2797 tolerabilia,

74 2817 215 2879 quae
246 2794 515 2854 eveniunt
543 2797 759 2855 homini
791 2798 993 2859 sortem
1022 2799 1085 2860 δε
1123 2803 1299 2863 vitam
1326 2804 1476 2863 suam
1518 2804 1680 2863 exse-

74 2879 269 2939 cranti.
356 2877 503 2960 Quid
527 2877 701 2936 solatii
729 2878 924 2938 afferet
949 2880 1028 2940 sui
1056 2881 1219 2959 ipsius
1246 2900 1375 2943 ante
1413 2884 1560 2944 diem
1591 2885 1676 2943 in-

74 2957 384 3018 terfeffio?
428 2959 569 3016 Non
602 2975 756 3017 certe
788 2960 898 3018 hoc
919 3004 942 3034 ,
986 2979 1047 3020 ut
1077 2965 1256 3024 omnis
1283 2965 1409 3042 post
1432 2984 1677 3026 mortem

74 3039 260 3101 sensus
294 3037 593 3116 perimatur
631 3039 723 3118 (ᾗ.
756 3042 889 3118 16.)
933 3043 1091 3103 Num
1121 3045 1261 3118 hoe,
1306 3062 1369 3105 ut
1398 3047 1672 3123 praesenti

71 3120 363 3195 tristitiae,
405 3119 642 3187 animum
674 3124 943 3183 continuo
993 3128 1405 3188 excarnificanti
1427 3174 1446 3202 ,
1479 3127 1670 3267 [αςὲε-

1617 3225 1674 3271 at
