2143 3848
443 266 518 326 32
861 226 864 228 ’
997 247 1083 305 De
1125 246 1259 306 Vita
1300 245 1488 309 Felice.
1825 255 1970 316 PARS
2013 252 2058 317 Ι.

524 382 574 464 §.
594 384 772 445 LXII.
823 379 1020 444 Anima
1048 382 1266 463 indiget
1295 384 1504 445 viribus
1534 385 1790 465 corporis
1809 433 1824 460 ,
1858 404 1919 448 ut
1944 391 2060 448 suas

442 465 557 544 ipsa
586 467 732 526 vires
770 465 1112 537 extendere,
1137 465 1318 545 iisque
1344 466 1498 526 reste
1522 467 1604 526 uti
1628 468 1807 545 poffit.
1828 469 1905 549 (ᾗ.
1930 477 2060 543 60.)

438 548 614 610 Vires
651 547 899 625 corporis
931 565 1040 604 non
1072 547 1365 624 usurpatae
1395 568 1510 608 non
1543 549 1713 608 solum
1745 568 1857 608 non
1885 551 2059 626 perfi-

443 629 674 689 ciuntur
702 671 723 701 ,
779 629 868 685 led
911 625 975 686 ἃ
1013 626 1387 690 debilitantur.
1473 631 1563 690 Ex
1614 651 1727 709 quo
1768 631 2060 690 concludit

441 713 616 782 ratiO,
659 710 919 770 desidiam
960 727 1079 767 non
1117 711 1428 770 convenire
1464 712 1716 787 homini,
1758 711 1852 774 sed
1881 731 2059 771 occu-
2136 758 2140 761 <

433 794 728 876 pationem
765 789 825 849 ἃ
859 791 1123 849 laborem.

515 874 738 932 Natura
764 871 874 947 ipsa
910 871 1164 931 homines
1196 894 1226 933 a
1274 875 1479 936 desidia
1517 891 1786 948 revocat,
1826 874 2058 954 ingene-

440 971 566 1014 rato
595 952 838 1031 instim‘m
865 951 1248 1031 efficacitatis,
1297 957 1673 1037 (aftivitatis)
1713 976 1824 1036 quo
1870 958 2059 1018 nitun-

441 1054 535 1095 tur
583 1038 648 1095 ad
690 1035 836 1094 vires
866 1079 888 1109 ,
945 1036 1242 1114 praecipue
1292 1042 1548 1116 corporis
1575 1083 1598 1113 ,
1653 1038 2009 1117 acquirendas
2035 1084 2053 1111 ,

441 1116 505 1179 <Sc
551 1136 672 1189 ea3‚
717 1136 851 1195 quas
900 1117 1142 1190 habent,
1189 1118 1288 1177 usu
1336 1123 1792 1180 corroborandas,
1872 1121 2060 1199 Hujus

437 1197 702 1277 impulsus
737 1196 885 1256 infici
916 1198 1028 1257 vim
1054 1198 1311 1278 inprimis
1332 1201 1577 1262 infantes
1605 1201 1874 1280 produnt.

521 1279 684 1339 Nulli
726 1278 1087 1340 animantium
1134 1282 1326 1359 generi
1381 1285 1555 1363 magis
1599 1283 1874 1343 convenit
1925 1282 2062 1361 fuga

440 1360 586 1433 otii,
628 1381 790 1438 quam
829 1362 1089 1422 humano,
1135 1366 1320 1423 Natus
1348 1364 1518 1424 homo
1554 1380 1616 1425 ut
1653 1364 1944 1444 perpetuis
1975 1365 2059 1422 vi·

444 1441 587 1501 rium
606 1489 621 1516 ‚
646 1442 814 1501 animi
831 1445 1126 1521 praecipue
1141 1444 1222 1505 sui
1241 1492 1256 1518 ,
1275 1445 1639 1508 incrementis
1666 1445 1886 1506 studeat
1902 1492 1918 1518 ,
1936 1444 2059 1525 dili-

438 1521 629 1602 gentia
648 1523 913 1585 continua
934 1543 1075 1605 opus
1100 1528 1283 1588 habet.
1323 1529 1483 1588 Nulli
1497 1545 1788 1606 praeterea
1807 1526 1904 1584 fibi
1935 1525 2063 1603 ipfis

439 1605 567 1665 sunt
588 1604 968 1680 molestiores,
1008 1628 1167 1686 quarn
1203 1609 1296 1686 qui
1315 1610 1436 1667 otio
1467 1609 1709 1667 maxime
1736 1606 2006 1667 diffluunt

527 1691 606 1746 At
622 1706 762 1746 vero
782 1731 797 1756 ‚
815 1688 999 1766 inquis
1016 1735 1031 1760 ‚
1062 1706 1256 1746 natura
1272 1689 1415 1746 duce
1442 1690 1686 1747 laborem
1706 1687 1940 1765 fugiunt
1976 1689 2063 1748 in·

439 1766 647 1827 fantes.
730 1768 916 1850 Quem
948 1770 978 1825 ἱ)
1032 1768 1243 1845 Juffum
1272 1811 1295 1843 ,
1361 1788 1481 1828 non
1543 1769 1816 1830 variatum
1848 1816 1864 1844 ‚
1914 1768 2061 1828 stato

436 1863 699 1925 ternpore
736 1848 1150 1910 absolvendum.
1237 1850 1515 1911 Dividere
1567 1867 1788 1929 tempus
1815 1895 1837 1925 ‚
1891 1853 2060 1928 pensa

438 1928 630 1989 facere
650 1974 666 2000 ,
695 1927 758 1989 ἅ
782 1929 978 1989 iisdem
1009 1930 1234 1990 demum
1260 1931 1437 1990 finitis
1454 1931 1634 1990 redire
1651 1935 1718 1990 ad
1745 1933 2061 1992 libertatem

437 2009 715 2081 faciendi,
749 2010 897 2088 quod
924 2010 1149 2083 malint,
1181 2012 1280 2070 vix
1306 2012 1639 2072 adsuescunt
1658 2014 1917 2072 homines
1945 2034 2062 2077 non

437 2089 619 2150 adacti
649 2090 1003 2163 necestitate,
1049 2092 1224 2169 prima
1257 2092 1623 2166 educatione,
1670 2092 1733 2154 ἃ
1758 2095 1852 2172 spe
1876 2095 2064 2174 magni

441 2170 742 2231 commodi.
781 2172 977 2231 Habet
1008 2192 1149 2232 vero
1181 2172 1441 2248 delabor,
1474 2174 1588 2234 hoc
1617 2174 1733 2249 est,
1758 2177 2064 2254 occupatio

438 2252 588 2312 utilis
613 2268 773 2310 certo
801 2253 1046 2330 tempori
1077 2255 1291 2334 alligata
1311 2304 1326 2329 ,
1351 2258 1518 2316 etiam
1549 2256 1637 2316 ille
1657 2305 1672 2330 ‚
1703 2259 1794 2336 qui
1820 2257 1901 2316 est
1918 2256 2062 2335 cliffi-
2135 2283 2143 2293 ·*

441 2335 563 2392 cilis
583 2375 605 2407 ,
647 2333 794 2393 haud
830 2355 1021 2413 parum
1058 2336 1362 2399 suavitatis,
1441 2341 1583 2416 Spes
1620 2356 1775 2418 grata
1802 2340 2065 2418 prosperi

439 2413 722 2475 successus
756 2414 853 2475 alit
883 2416 1258 2481 efficientiam.
1299 2421 1585 2481 Effeetum
1615 2420 1820 2478 virium
1850 2420 2065 2481 suarum

437 2497 635 2556 utilem
670 2495 899 2571 videre,
931 2497 1012 2557 est
1040 2500 1200 2558 dulce
1231 2503 1663 2561 condimentum
1690 2502 1891 2560 laboris
1926 2522 2062 2564 con·

441 2576 733 2650 summati,
779 2577 841 2638 (Sc
883 2598 1013 2639 acre
1047 2581 1474 2642 incitamentum
1507 2583 1661 2642 novi.

519 2658 749 2720 Desidia
779 2659 1190 2720 abinfirmitate
1219 2665 1501 2743 corporis,
1534 2664 1873 2726 educatio-ne
1892 2711 1907 2735 ‚
1941 2664 2062 2725 imi-

444 2741 695 2813 tatione,
728 2740 1009 2801 interdum
1034 2764 1252 2823 quoque
1279 2766 1309 2804 a
1341 2746 1624 2824 superbia,
1662 2746 2058 2824 proficiscitur.

439 2821 775 2882 Accedente
802 2823 1202 2885 affuefaffione
1229 2826 1372 2887 subit
1399 2828 1519 2904 ejus
1546 2827 1814 2887 dulcedo:
1845 2848 1979 2887 mox
2006 2830 2065 2890 in

439 2905 600 2964 venis
617 2904 984 2983 medullisque
1004 2906 1255 2966 inficiens
1275 2955 1290 2982 ‚
1325 2907 1619 2968 difficulter
1641 2909 1955 2988 expellitur.
1989 2913 2065 2969 Et

441 2984 554 3044 hae
579 2983 802 3057 causae,
838 3004 978 3062 quae
1007 2988 1249 3067 gignunt
1277 2989 1555 3067 pigritiam
1574 3035 1591 3060 ‚
1618 2990 1830 3069 (§‚40.)
1850 2989 1913 3051 δε
1938 2992 2067 3052 mali

438 3066 675 3126 effectus
697 3107 718 3137 ,
746 3066 842 3144 qui
865 3070 1010 3128 hanc
1034 3071 1478 3149 consequuntur,
1521 3069 1744 3153 (§.41.)
1779 3073 1942 3151 plane
1967 3072 2066 3130 de-

433 3147 767 3222 monstrant,
785 3165 1134 3230 quantopere
1147 3152 1237 3215 illa
1250 3168 1478 3219 naturae
1490 3151 1831 3314 adversetug.
1854 3153 2007 3294 (ςςὲρ
2019 3152 2070 3293 I)
