<?xml version="1.0" encoding="UTF-8"?>
<!DOCTYPE html PUBLIC "-//W3C//DTD XHTML 1.0 Transitional//EN"
    "http://www.w3.org/TR/xhtml1/DTD/xhtml1-transitional.dtd">
<html xmlns="http://www.w3.org/1999/xhtml" xml:lang="en" lang="en">
 <head>
  <title>
</title>
<meta http-equiv="Content-Type" content="text/html;charset=utf-8" />
  <meta name='ocr-system' content='tesseract 3.04.00' />
  <meta name='ocr-capabilities' content='ocr_page ocr_carea ocr_par ocr_line ocrx_word'/>
</head>
<body>
  <div class='ocr_page' id='page_1' title='image "./fundamentajurisp00pest_0028.png"; bbox 0 0 2143 3848; ppageno 0'>
   <div class='ocr_carea' id='block_1_1' title="bbox 454 245 2078 319">
    <p class='ocr_par' dir='ltr' id='par_1_1' title="bbox 454 245 2078 319">
     <span class='ocr_line' id='line_1_1' title="bbox 454 245 2078 319; baseline 0.014 -23"><span class='ocrx_word' id='word_1_1' title='bbox 454 267 540 314; x_wconf 74' lang='lat'>20·</span> <span class='ocrx_word' id='word_1_2' title='bbox 1032 249 1117 308; x_wconf 82' lang='lat' dir='ltr'>De</span> <span class='ocrx_word' id='word_1_3' title='bbox 1143 245 1280 309; x_wconf 66' lang='lat' dir='ltr'>Vita</span> <span class='ocrx_word' id='word_1_4' title='bbox 1302 247 1491 313; x_wconf 71' lang='lat' dir='ltr'>Felice.</span> <span class='ocrx_word' id='word_1_5' title='bbox 1838 257 1990 318; x_wconf 60' lang='lat' dir='ltr'>Pras</span> <span class='ocrx_word' id='word_1_6' title='bbox 2030 248 2078 319; x_wconf 73' lang='lat'>1&#39;.</span> 
     </span>
    </p>
   </div>
   <div class='ocr_carea' id='block_1_2' title="bbox 453 400 2095 1622">
    <p class='ocr_par' dir='ltr' id='par_1_2' title="bbox 457 400 2095 809">
     <span class='ocr_line' id='line_1_2' title="bbox 457 400 2081 476; baseline -0.001 -14"><span class='ocrx_word' id='word_1_7' title='bbox 457 418 671 464; x_wconf 57' lang='lat' dir='ltr'>manat.⁴</span> <span class='ocrx_word' id='word_1_8' title='bbox 699 404 839 465; x_wconf 85' lang='lat' dir='ltr'>Cum</span> <span class='ocrx_word' id='word_1_9' title='bbox 869 402 1014 463; x_wconf 86' lang='lat' dir='ltr'>enim</span> <span class='ocrx_word' id='word_1_10' title='bbox 1034 402 1147 461; x_wconf 86' lang='lat' dir='ltr'>duo</span> <span class='ocrx_word' id='word_1_11' title='bbox 1163 400 1313 462; x_wconf 76' lang='lat' dir='ltr'>simul</span> <span class='ocrx_word' id='word_1_12' title='bbox 1336 400 1610 462; x_wconf 84' lang='lat' dir='ltr'>eveniunt</span> <span class='ocrx_word' id='word_1_13' title='bbox 1628 449 1643 476; x_wconf 86' lang='lat'>,</span> <span class='ocrx_word' id='word_1_14' title='bbox 1673 403 1903 460; x_wconf 82' lang='lat' dir='ltr'>alterum</span> <span class='ocrx_word' id='word_1_15' title='bbox 1920 421 1991 461; x_wconf 80' lang='lat' dir='ltr'>ex</span> <span class='ocrx_word' id='word_1_16' title='bbox 2008 403 2081 460; x_wconf 82' lang='lat' dir='ltr'>al-</span> 
     </span>
     <span class='ocr_line' id='line_1_3' title="bbox 461 483 2086 563; baseline -0.003 -20"><span class='ocrx_word' id='word_1_17' title='bbox 461 497 585 543; x_wconf 80' lang='lat' dir='ltr'>tero</span> <span class='ocrx_word' id='word_1_18' title='bbox 620 506 732 546; x_wconf 90' lang='lat' dir='ltr'>non</span> <span class='ocrx_word' id='word_1_19' title='bbox 764 490 975 563; x_wconf 84' lang='lat' dir='ltr'>semper</span> <span class='ocrx_word' id='word_1_20' title='bbox 1005 484 1264 544; x_wconf 81' lang='lat' dir='ltr'>efficitur.</span> <span class='ocrx_word' id='word_1_21' title='bbox 1310 486 1391 543; x_wconf 92' lang='lat' dir='ltr'>Ut</span> <span class='ocrx_word' id='word_1_22' title='bbox 1414 484 1653 543; x_wconf 85' lang='lat' dir='ltr'>floreant</span> <span class='ocrx_word' id='word_1_23' title='bbox 1678 501 1819 542; x_wconf 87' lang='lat' dir='ltr'>artes</span> <span class='ocrx_word' id='word_1_24' title='bbox 1839 526 1854 555; x_wconf 89' lang='lat'><strong>,</strong></span> <span class='ocrx_word' id='word_1_25' title='bbox 1898 483 2086 539; x_wconf 81' lang='lat' dir='ltr'>luxus·</span> 
     </span>
     <span class='ocr_line' id='line_1_4' title="bbox 461 566 2095 646; baseline -0.003 -22"><span class='ocrx_word' id='word_1_26' title='bbox 461 586 568 646; x_wconf 87' lang='lat' dir='ltr'>que</span> <span class='ocrx_word' id='word_1_27' title='bbox 609 568 835 628; x_wconf 85' lang='lat' dir='ltr'>effrenis</span> <span class='ocrx_word' id='word_1_28' title='bbox 880 566 1148 646; x_wconf 84' lang='lat' dir='ltr'>inolescat</span> <span class='ocrx_word' id='word_1_29' title='bbox 1185 612 1200 638; x_wconf 91' lang='lat'>,</span> <span class='ocrx_word' id='word_1_30' title='bbox 1256 567 1520 644; x_wconf 72' lang='lat' dir='ltr'>persaepe</span> <span class='ocrx_word' id='word_1_31' title='bbox 1565 566 1770 625; x_wconf 84' lang='lat' dir='ltr'>eodem</span> <span class='ocrx_word' id='word_1_32' title='bbox 1829 577 2095 640; x_wconf 81' lang='lat' dir='ltr'>tempore·</span> 
     </span>
     <span class='ocr_line' id='line_1_5' title="bbox 461 647 2082 724; baseline -0.001 -20"><span class='ocrx_word' id='word_1_33' title='bbox 461 649 673 710; x_wconf 71' lang='lat' dir='ltr'>evenit.</span> <span class='ocrx_word' id='word_1_34' title='bbox 759 650 969 707; x_wconf 86' lang='lat' dir='ltr'>Ideone</span> <span class='ocrx_word' id='word_1_35' title='bbox 1012 647 1349 724; x_wconf 69' lang='lat' dir='ltr'>respuendae</span> <span class='ocrx_word' id='word_1_36' title='bbox 1398 648 1431 707; x_wconf 88' lang='lat' dir='ltr'>s</span> <span class='ocrx_word' id='word_1_37' title='bbox 1426 662 1526 706; x_wconf 88' lang='lat' dir='ltr'>unt</span> <span class='ocrx_word' id='word_1_38' title='bbox 1573 664 1718 706; x_wconf 83' lang='lat' dir='ltr'>artes</span> <span class='ocrx_word' id='word_1_39' title='bbox 1747 693 1763 721; x_wconf 91' lang='lat'>,</span> <span class='ocrx_word' id='word_1_40' title='bbox 1822 662 2082 723; x_wconf 84' lang='lat' dir='ltr'>tanquam</span> 
     </span>
     <span class='ocr_line' id='line_1_6' title="bbox 461 724 1711 809; baseline 0 -22"><span class='ocrx_word' id='word_1_41' title='bbox 461 728 629 809; x_wconf 80' lang='lat' dir='ltr'>hujus</span> <span class='ocrx_word' id='word_1_42' title='bbox 658 729 1122 805; x_wconf 72' lang='lat' dir='ltr'>intemperantiae</span> <span class='ocrx_word' id='word_1_43' title='bbox 1160 724 1349 805; x_wconf 70' lang='lat' dir='ltr'>causae</span> <span class='ocrx_word' id='word_1_44' title='bbox 1378 727 1711 806; x_wconf 61' lang='lat' dir='ltr'>qffe&#39;chices‘?</span> 
     </span>
    </p>

    <p class='ocr_par' dir='ltr' id='par_1_3' title="bbox 453 808 2093 1622">
     <span class='ocr_line' id='line_1_7' title="bbox 537 808 2083 889; baseline -0.003 -18"><span class='ocrx_word' id='word_1_45' title='bbox 537 812 704 871; x_wconf 81' lang='lat' dir='ltr'>Adde</span> <span class='ocrx_word' id='word_1_46' title='bbox 725 857 740 883; x_wconf 89' lang='lat'>‚</span> <span class='ocrx_word' id='word_1_47' title='bbox 771 811 969 869; x_wconf 78' lang='lat' dir='ltr'>vitiose</span> <span class='ocrx_word' id='word_1_48' title='bbox 993 809 1219 888; x_wconf 77' lang='lat' dir='ltr'>colligi3</span> <span class='ocrx_word' id='word_1_49' title='bbox 1261 808 1541 869; x_wconf 63' lang='lat' dir='ltr'>actionem</span> <span class='ocrx_word' id='word_1_50' title='bbox 1571 812 1804 889; x_wconf 82' lang='lat' dir='ltr'>aliquam</span> <span class='ocrx_word' id='word_1_51' title='bbox 1843 809 2043 868; x_wconf 84' lang='lat' dir='ltr'>malurn</span> <span class='ocrx_word' id='word_1_52' title='bbox 2063 853 2083 880; x_wconf 88' lang='lat'>,</span> 
     </span>
     <span class='ocr_line' id='line_1_8' title="bbox 462 890 2078 970; baseline -0.002 -19"><span class='ocrx_word' id='word_1_53' title='bbox 462 910 588 951; x_wconf 87' lang='lat' dir='ltr'>cum</span> <span class='ocrx_word' id='word_1_54' title='bbox 606 893 726 970; x_wconf 85' lang='lat' dir='ltr'>ejus</span> <span class='ocrx_word' id='word_1_55' title='bbox 743 890 972 950; x_wconf 83' lang='lat' dir='ltr'>effentia</span> <span class='ocrx_word' id='word_1_56' title='bbox 991 891 1133 949; x_wconf 72' lang='lat' dir='ltr'>haud</span> <span class='ocrx_word' id='word_1_57' title='bbox 1159 891 1466 950; x_wconf 83' lang='lat' dir='ltr'>cohaerens</span> <span class='ocrx_word' id='word_1_58' title='bbox 1487 934 1509 966; x_wconf 89' lang='lat'>‚-</span> <span class='ocrx_word' id='word_1_59' title='bbox 1538 892 1863 969; x_wconf 76' lang='lat' dir='ltr'>plerumque</span> <span class='ocrx_word' id='word_1_60' title='bbox 1904 891 2078 948; x_wconf 86' lang='lat' dir='ltr'>corni-</span> 
     </span>
     <span class='ocr_line' id='line_1_9' title="bbox 462 970 2078 1052; baseline -0.002 -20"><span class='ocrx_word' id='word_1_61' title='bbox 462 990 643 1047; x_wconf 80' lang='lat' dir='ltr'>tatur,</span> <span class='ocrx_word' id='word_1_62' title='bbox 662 992 798 1050; x_wconf 81' lang='lat' dir='ltr'>ergo</span> <span class='ocrx_word' id='word_1_63' title='bbox 813 972 1051 1052; x_wconf 83' lang='lat' dir='ltr'>quodvis</span> <span class='ocrx_word' id='word_1_64' title='bbox 1071 974 1273 1032; x_wconf 82' lang='lat' dir='ltr'>malurn</span> <span class='ocrx_word' id='word_1_65' title='bbox 1300 988 1459 1030; x_wconf 89' lang='lat' dir='ltr'>certo</span> <span class='ocrx_word' id='word_1_66' title='bbox 1489 988 1561 1032; x_wconf 75' lang='lat' dir='ltr'>ex</span> <span class='ocrx_word' id='word_1_67' title='bbox 1578 993 1640 1032; x_wconf 87' lang='lat' dir='ltr'>ea</span> <span class='ocrx_word' id='word_1_68' title='bbox 1668 971 1944 1031; x_wconf 84' lang='lat' dir='ltr'>nascetur.</span> <span class='ocrx_word' id='word_1_69' title='bbox 1978 970 2078 1029; x_wconf 89' lang='lat' dir='ltr'>Sic</span> 
     </span>
     <span class='ocr_line' id='line_1_10' title="bbox 461 1050 2093 1130; baseline -0.002 -16"><span class='ocrx_word' id='word_1_70' title='bbox 461 1076 518 1115; x_wconf 87' lang='lat' dir='ltr'>v.</span> <span class='ocrx_word' id='word_1_71' title='bbox 551 1075 598 1113; x_wconf 76' lang='lat' dir='ltr'>c,</span> <span class='ocrx_word' id='word_1_72' title='bbox 641 1054 863 1127; x_wconf 66' lang='lat' dir='ltr'>minim,</span> <span class='ocrx_word' id='word_1_73' title='bbox 902 1070 962 1112; x_wconf 86' lang='lat' dir='ltr'>ut</span> <span class='ocrx_word' id='word_1_74' title='bbox 984 1071 1123 1130; x_wconf 83' lang='lat' dir='ltr'>puto</span> <span class='ocrx_word' id='word_1_75' title='bbox 1143 1099 1157 1126; x_wconf 86' lang='grc'>,</span> <span class='ocrx_word' id='word_1_76' title='bbox 1182 1053 1336 1112; x_wconf 62' lang='lat' dir='ltr'>reete</span> <span class='ocrx_word' id='word_1_77' title='bbox 1366 1053 1478 1112; x_wconf 86' lang='lat' dir='ltr'>hoc</span> <span class='ocrx_word' id='word_1_78' title='bbox 1500 1054 1671 1113; x_wconf 87' lang='lat' dir='ltr'>modo</span> <span class='ocrx_word' id='word_1_79' title='bbox 1695 1050 2093 1112; x_wconf 77' lang='lat' dir='ltr'>concluditur:</span> 
     </span>
     <span class='ocr_line' id='line_1_11' title="bbox 460 1130 2081 1215; baseline -0.003 -20"><span class='ocrx_word' id='word_1_80' title='bbox 460 1135 779 1195; x_wconf 80' lang='lat' dir='ltr'>dominatus</span> <span class='ocrx_word' id='word_1_81' title='bbox 825 1135 1093 1212; x_wconf 83' lang='lat' dir='ltr'>principis</span> <span class='ocrx_word' id='word_1_82' title='bbox 1124 1133 1471 1208; x_wconf 65' lang='lat' dir='ltr'>arbstmrizm,</span> <span class='ocrx_word' id='word_1_83' title='bbox 1516 1137 1827 1215; x_wconf 75' lang='lat' dir='ltr'>(imperium</span> <span class='ocrx_word' id='word_1_84' title='bbox 1862 1130 2081 1211; x_wconf 80' lang='lat' dir='ltr'>despoti-</span> 
     </span>
     <span class='ocr_line' id='line_1_12' title="bbox 460 1215 2084 1295; baseline -0.002 -20"><span class='ocrx_word' id='word_1_85' title='bbox 460 1217 619 1295; x_wconf 72' lang='lat' dir='ltr'>cum)</span> <span class='ocrx_word' id='word_1_86' title='bbox 649 1235 750 1294; x_wconf 90' lang='lat' dir='ltr'>per</span> <span class='ocrx_word' id='word_1_87' title='bbox 774 1218 830 1275; x_wconf 89' lang='lat' dir='ltr'>se</span> <span class='ocrx_word' id='word_1_88' title='bbox 860 1215 1038 1274; x_wconf 78' lang='lat' dir='ltr'>cuivis</span> <span class='ocrx_word' id='word_1_89' title='bbox 1074 1215 1293 1274; x_wconf 81' lang='lat' dir='ltr'>civitati</span> <span class='ocrx_word' id='word_1_90' title='bbox 1318 1216 1518 1274; x_wconf 72' lang='lat' dir='ltr'>noxius</span> <span class='ocrx_word' id='word_1_91' title='bbox 1539 1263 1554 1287; x_wconf 82' lang='lat'>,</span> <span class='ocrx_word' id='word_1_92' title='bbox 1588 1235 1872 1294; x_wconf 82' lang='lat' dir='ltr'>torporem</span> <span class='ocrx_word' id='word_1_93' title='bbox 1909 1233 2084 1292; x_wconf 87' lang='lat' dir='ltr'>quen-</span> 
     </span>
     <span class='ocr_line' id='line_1_13' title="bbox 453 1297 2082 1377; baseline -0.002 -21"><span class='ocrx_word' id='word_1_94' title='bbox 453 1300 582 1358; x_wconf 82' lang='lat' dir='ltr'>dam</span> <span class='ocrx_word' id='word_1_95' title='bbox 613 1297 965 1377; x_wconf 84' lang='lat' dir='ltr'>ingeniorum</span> <span class='ocrx_word' id='word_1_96' title='bbox 1001 1312 1061 1355; x_wconf 89' lang='lat' dir='ltr'>ut</span> <span class='ocrx_word' id='word_1_97' title='bbox 1102 1297 1397 1374; x_wconf 79' lang='lat' dir='ltr'>plurimum</span> <span class='ocrx_word' id='word_1_98' title='bbox 1431 1297 1616 1376; x_wconf 78' lang='lat' dir='ltr'>gignit</span> <span class='ocrx_word' id='word_1_99' title='bbox 1646 1342 1663 1370; x_wconf 87' lang='lat'><strong>,</strong></span> <span class='ocrx_word' id='word_1_100' title='bbox 1717 1317 1783 1356; x_wconf 88' lang='lat' dir='ltr'>ac</span> <span class='ocrx_word' id='word_1_101' title='bbox 1826 1297 2082 1373; x_wconf 83' lang='lat' dir='ltr'>complu-</span> 
     </span>
     <span class='ocr_line' id='line_1_14' title="bbox 459 1374 2089 1458; baseline -0.002 -19"><span class='ocrx_word' id='word_1_102' title='bbox 459 1395 552 1439; x_wconf 76' lang='lat' dir='ltr'>res</span> <span class='ocrx_word' id='word_1_103' title='bbox 594 1394 738 1438; x_wconf 87' lang='lat' dir='ltr'>artes</span> <span class='ocrx_word' id='word_1_104' title='bbox 778 1377 841 1438; x_wconf 61' lang='grc' dir='ltr'>ὅς</span> <span class='ocrx_word' id='word_1_105' title='bbox 873 1377 1220 1455; x_wconf 85' lang='lat' dir='ltr'>disciplinas,</span> <span class='ocrx_word' id='word_1_106' title='bbox 1251 1397 1392 1456; x_wconf 79' lang='lat' dir='ltr'>quae</span> <span class='ocrx_word' id='word_1_107' title='bbox 1421 1381 1631 1458; x_wconf 76' lang='lat' dir='ltr'>absque</span> <span class='ocrx_word' id='word_1_108' title='bbox 1668 1377 1928 1438; x_wconf 83' lang='lat' dir='ltr'>libertate</span> <span class='ocrx_word' id='word_1_109' title='bbox 1967 1374 2089 1435; x_wconf 89' lang='lat' dir='ltr'>sen-</span> 
     </span>
     <span class='ocr_line' id='line_1_15' title="bbox 455 1457 2089 1540; baseline 0 -21"><span class='ocrx_word' id='word_1_110' title='bbox 455 1461 636 1521; x_wconf 80' lang='lat' dir='ltr'>tiendi</span> <span class='ocrx_word' id='word_1_111' title='bbox 679 1479 744 1518; x_wconf 90' lang='lat' dir='ltr'>ac</span> <span class='ocrx_word' id='word_1_112' title='bbox 796 1459 1017 1519; x_wconf 86' lang='lat' dir='ltr'>dicendi</span> <span class='ocrx_word' id='word_1_113' title='bbox 1059 1459 1282 1520; x_wconf 59' lang='lat' dir='ltr'>traetari</span> <span class='ocrx_word' id='word_1_114' title='bbox 1319 1477 1652 1540; x_wconf 86' lang='lat' dir='ltr'>nequeunt,</span> <span class='ocrx_word' id='word_1_115' title='bbox 1706 1457 1971 1538; x_wconf 76' lang='lat' dir='ltr'>deprimit</span> <span class='ocrx_word' id='word_1_116' title='bbox 2019 1459 2089 1519; x_wconf 72' lang='grc' dir='ltr'>δε</span> 
     </span>
     <span class='ocr_line' id='line_1_16' title="bbox 456 1542 1166 1622; baseline 0.004 -22"><span class='ocrx_word' id='word_1_117' title='bbox 456 1542 740 1622; x_wconf 75' lang='lat' dir='ltr'>extirpat3</span> <span class='ocrx_word' id='word_1_118' title='bbox 786 1559 926 1620; x_wconf 86' lang='lat' dir='ltr'>ergo</span> <span class='ocrx_word' id='word_1_119' title='bbox 957 1558 1166 1603; x_wconf 75' lang='lat' dir='ltr'>omnes·</span> 
     </span>
    </p>
   </div>
   <div class='ocr_carea' id='block_1_3' title="bbox 442 1701 2143 3309">
    <p class='ocr_par' dir='ltr' id='par_1_4' title="bbox 455 1701 2143 2758">
     <span class='ocr_line' id='line_1_17' title="bbox 538 1701 2087 1785; baseline 0 -19"><span class='ocrx_word' id='word_1_120' title='bbox 538 1704 591 1785; x_wconf 84' lang='lat'>§.</span> <span class='ocrx_word' id='word_1_121' title='bbox 635 1706 852 1765; x_wconf 89' lang='lat' dir='ltr'>XLIV.</span> <span class='ocrx_word' id='word_1_122' title='bbox 915 1706 1032 1763; x_wconf 88' lang='lat' dir='ltr'>Res</span> <span class='ocrx_word' id='word_1_123' title='bbox 1062 1704 1297 1782; x_wconf 85' lang='lat' dir='ltr'>operosa</span> <span class='ocrx_word' id='word_1_124' title='bbox 1329 1703 1442 1777; x_wconf 86' lang='lat' dir='ltr'>est,</span> <span class='ocrx_word' id='word_1_125' title='bbox 1483 1703 1542 1763; x_wconf 89' lang='lat' dir='ltr'>in</span> <span class='ocrx_word' id='word_1_126' title='bbox 1568 1701 1911 1778; x_wconf 63' lang='lat' dir='ltr'>aelionibm,</span> <span class='ocrx_word' id='word_1_127' title='bbox 1939 1724 2087 1784; x_wconf 81' lang='lat' dir='ltr'>quae</span> 
     </span>
     <span class='ocr_line' id='line_1_18' title="bbox 455 1784 2081 1867; baseline 0.002 -23"><span class='ocrx_word' id='word_1_128' title='bbox 455 1786 806 1867; x_wconf 70' lang='lat' dir='ltr'>praesentem</span> <span class='ocrx_word' id='word_1_129' title='bbox 821 1784 1060 1864; x_wconf 78' lang='lat' dir='ltr'>gignunt</span> <span class='ocrx_word' id='word_1_130' title='bbox 1092 1785 1309 1846; x_wconf 85' lang='lat' dir='ltr'>sensum</span> <span class='ocrx_word' id='word_1_131' title='bbox 1327 1785 1619 1846; x_wconf 82' lang='lat' dir='ltr'>suavitatis</span> <span class='ocrx_word' id='word_1_132' title='bbox 1635 1832 1651 1859; x_wconf 93' lang='lat'>,</span> <span class='ocrx_word' id='word_1_133' title='bbox 1674 1803 1770 1845; x_wconf 88' lang='lat' dir='ltr'>aut</span> <span class='ocrx_word' id='word_1_134' title='bbox 1788 1787 2081 1864; x_wconf 83' lang='lat' dir='ltr'>aliquoties</span> 
     </span>
     <span class='ocr_line' id='line_1_19' title="bbox 456 1867 2090 1946; baseline 0.001 -20"><span class='ocrx_word' id='word_1_135' title='bbox 456 1867 736 1944; x_wconf 80' lang='lat' dir='ltr'>repetitae</span> <span class='ocrx_word' id='word_1_136' title='bbox 758 1882 1124 1944; x_wconf 72' lang='lat' dir='ltr'>genuerunt,</span> <span class='ocrx_word' id='word_1_137' title='bbox 1145 1887 1254 1942; x_wconf 86' lang='lat' dir='ltr'>ope</span> <span class='ocrx_word' id='word_1_138' title='bbox 1278 1867 1514 1925; x_wconf 81' lang='lat' dir='ltr'>rationis</span> <span class='ocrx_word' id='word_1_139' title='bbox 1536 1868 1835 1942; x_wconf 84' lang='lat' dir='ltr'>pervidere</span> <span class='ocrx_word' id='word_1_140' title='bbox 1835 1868 2090 1946; x_wconf 64' lang='lat' dir='ltr'>stamina-¹</span> 
     </span>
     <span class='ocr_line' id='line_1_20' title="bbox 459 1945 2082 2026; baseline 0.002 -20"><span class='ocrx_word' id='word_1_141' title='bbox 459 1948 728 2006; x_wconf 83' lang='lat' dir='ltr'>malorum</span> <span class='ocrx_word' id='word_1_142' title='bbox 752 1946 1123 2003; x_wconf 79' lang='lat' dir='ltr'>remotiorum</span> <span class='ocrx_word' id='word_1_143' title='bbox 1141 1991 1155 2017; x_wconf 84' lang='lat'>‚</span> <span class='ocrx_word' id='word_1_144' title='bbox 1180 1945 1241 2005; x_wconf 63' lang='grc' dir='ltr'>ὃ(</span> <span class='ocrx_word' id='word_1_145' title='bbox 1273 1964 1485 2005; x_wconf 80' lang='lat' dir='ltr'>contra.</span> <span class='ocrx_word' id='word_1_146' title='bbox 1520 1947 1898 2026; x_wconf 82' lang='lat' dir='ltr'>Quamobrem</span> <span class='ocrx_word' id='word_1_147' title='bbox 1915 1951 2082 2009; x_wconf 80' lang='lat' dir='ltr'>multi</span> 
     </span>
     <span class='ocr_line' id='line_1_21' title="bbox 460 2026 2079 2107; baseline 0.002 -20"><span class='ocrx_word' id='word_1_148' title='bbox 460 2027 719 2088; x_wconf 84' lang='lat' dir='ltr'>deserere</span> <span class='ocrx_word' id='word_1_149' title='bbox 746 2027 1059 2086; x_wconf 80' lang='lat' dir='ltr'>maluerunt</span> <span class='ocrx_word' id='word_1_150' title='bbox 1087 2026 1234 2085; x_wconf 77' lang='lat' dir='ltr'>viam</span> <span class='ocrx_word' id='word_1_151' title='bbox 1280 2026 1566 2087; x_wconf 81' lang='lat' dir='ltr'>difficilem</span> <span class='ocrx_word' id='word_1_152' title='bbox 1586 2070 1609 2101; x_wconf 88' lang='lat'>‚</span> <span class='ocrx_word' id='word_1_153' title='bbox 1652 2048 1812 2107; x_wconf 88' lang='lat' dir='ltr'>quam</span> <span class='ocrx_word' id='word_1_154' title='bbox 1841 2032 2079 2091; x_wconf 86' lang='lat' dir='ltr'>multum</span> 
     </span>
     <span class='ocr_line' id='line_1_22' title="bbox 461 2106 2086 2188; baseline 0.002 -19"><span class='ocrx_word' id='word_1_155' title='bbox 461 2110 712 2170; x_wconf 74' lang='lat' dir='ltr'>laborare</span> <span class='ocrx_word' id='word_1_156' title='bbox 741 2108 812 2166; x_wconf 90' lang='lat' dir='ltr'>de</span> <span class='ocrx_word' id='word_1_157' title='bbox 842 2106 1081 2165; x_wconf 84' lang='lat' dir='ltr'>criteriis</span> <span class='ocrx_word' id='word_1_158' title='bbox 1110 2106 1243 2166; x_wconf 89' lang='lat' dir='ltr'>boni</span> <span class='ocrx_word' id='word_1_159' title='bbox 1279 2108 1518 2186; x_wconf 85' lang='lat' dir='ltr'>malique</span> <span class='ocrx_word' id='word_1_160' title='bbox 1545 2126 1650 2186; x_wconf 82' lang='lat' dir='ltr'>per</span> <span class='ocrx_word' id='word_1_161' title='bbox 1680 2111 2086 2188; x_wconf 80' lang='lat' dir='ltr'>experientiam</span> 
     </span>
     <span class='ocr_line' id='line_1_23' title="bbox 468 2188 2082 2269; baseline 0.002 -18"><span class='ocrx_word' id='word_1_162' title='bbox 468 2211 542 2251; x_wconf 79' lang='lat' dir='ltr'>ex</span> <span class='ocrx_word' id='word_1_163' title='bbox 576 2188 958 2268; x_wconf 77' lang='lat' dir='ltr'>perpetuitate</span> <span class='ocrx_word' id='word_1_164' title='bbox 1000 2190 1280 2248; x_wconf 84' lang='lat' dir='ltr'>bonorum</span> <span class='ocrx_word' id='word_1_165' title='bbox 1323 2191 1697 2269; x_wconf 84' lang='lat' dir='ltr'>malorumque</span> <span class='ocrx_word' id='word_1_166' title='bbox 1739 2191 2082 2268; x_wconf 64' lang='lat' dir='ltr'>effectuum,</span> 
     </span>
     <span class='ocr_line' id='line_1_24' title="bbox 467 2269 2143 2353; baseline 0.003 -21"><span class='ocrx_word' id='word_1_167' title='bbox 467 2270 549 2353; x_wconf 80' lang='lat'>(§.</span> <span class='ocrx_word' id='word_1_168' title='bbox 570 2275 699 2349; x_wconf 81' lang='lat'>40.)</span> <span class='ocrx_word' id='word_1_169' title='bbox 726 2287 819 2329; x_wconf 74' lang='lat' dir='ltr'>aut</span> <span class='ocrx_word' id='word_1_170' title='bbox 843 2289 946 2348; x_wconf 90' lang='lat' dir='ltr'>per</span> <span class='ocrx_word' id='word_1_171' title='bbox 967 2270 1238 2330; x_wconf 81' lang='lat' dir='ltr'>rationem</span> <span class='ocrx_word' id='word_1_172' title='bbox 1258 2288 1326 2328; x_wconf 79' lang='lat' dir='ltr'>ex</span> <span class='ocrx_word' id='word_1_173' title='bbox 1346 2269 1610 2330; x_wconf 86' lang='lat' dir='ltr'>consensu</span> <span class='ocrx_word' id='word_1_174' title='bbox 1628 2292 1920 2353; x_wconf 83' lang='lat' dir='ltr'>pugnaque</span> <span class='ocrx_word' id='word_1_175' title='bbox 1950 2296 2085 2337; x_wconf 85' lang='lat' dir='ltr'>cum</span> <span class='ocrx_word' id='word_1_176' title='bbox 2134 2271 2143 2281; x_wconf 87' lang='grc'><strong>’</strong></span> 
     </span>
     <span class='ocr_line' id='line_1_25' title="bbox 466 2350 2095 2434; baseline 0.001 -21"><span class='ocrx_word' id='word_1_177' title='bbox 466 2371 666 2414; x_wconf 76' lang='lat' dir='ltr'>nat-ura</span> <span class='ocrx_word' id='word_1_178' title='bbox 692 2353 964 2424; x_wconf 86' lang='lat' dir='ltr'>humana,</span> <span class='ocrx_word' id='word_1_179' title='bbox 1013 2350 1100 2431; x_wconf 55' lang='grc' dir='ltr'>(ξ.</span> <span class='ocrx_word' id='word_1_180' title='bbox 1145 2353 1283 2429; x_wconf 84' lang='lat'>42.)</span> <span class='ocrx_word' id='word_1_181' title='bbox 1324 2354 1663 2430; x_wconf 75' lang='lat' dir='ltr'>repetendis,</span> <span class='ocrx_word' id='word_1_182' title='bbox 1748 2357 2095 2434; x_wconf 81' lang='lat' dir='ltr'>Popularior·</span> 
     </span>
     <span class='ocr_line' id='line_1_26' title="bbox 467 2431 2079 2517; baseline 0.002 -22"><span class='ocrx_word' id='word_1_183' title='bbox 467 2434 531 2495; x_wconf 65' lang='grc' dir='ltr'>ἃ</span> <span class='ocrx_word' id='word_1_184' title='bbox 562 2433 888 2512; x_wconf 75' lang='lat' dir='ltr'>explicatior</span> <span class='ocrx_word' id='word_1_185' title='bbox 911 2431 1002 2492; x_wconf 79' lang='lat' dir='ltr'>via</span> <span class='ocrx_word' id='word_1_186' title='bbox 1024 2434 1228 2510; x_wconf 80' lang='lat' dir='ltr'>placuit</span> <span class='ocrx_word' id='word_1_187' title='bbox 1245 2480 1260 2505; x_wconf 92' lang='lat'>‚</span> <span class='ocrx_word' id='word_1_188' title='bbox 1291 2433 1345 2492; x_wconf 90' lang='lat' dir='ltr'>in</span> <span class='ocrx_word' id='word_1_189' title='bbox 1368 2434 1704 2492; x_wconf 63' lang='lat' dir='ltr'>auctoritate</span> <span class='ocrx_word' id='word_1_190' title='bbox 1728 2454 1919 2496; x_wconf 87' lang='lat' dir='ltr'>eorum</span> <span class='ocrx_word' id='word_1_191' title='bbox 1939 2483 1955 2510; x_wconf 87' lang='lat'><strong>,</strong></span> <span class='ocrx_word' id='word_1_192' title='bbox 1981 2438 2079 2517; x_wconf 85' lang='lat' dir='ltr'>qui</span> 
     </span>
     <span class='ocr_line' id='line_1_27' title="bbox 469 2513 2090 2594; baseline 0.003 -21"><span class='ocrx_word' id='word_1_193' title='bbox 469 2534 608 2594; x_wconf 71' lang='lat' dir='ltr'>prae</span> <span class='ocrx_word' id='word_1_194' title='bbox 632 2513 865 2573; x_wconf 78' lang='lat' dir='ltr'>caeteris</span> <span class='ocrx_word' id='word_1_195' title='bbox 895 2513 1225 2573; x_wconf 76' lang='lat' dir='ltr'>considerati</span> <span class='ocrx_word' id='word_1_196' title='bbox 1255 2531 1591 2593; x_wconf 78' lang='lat' dir='ltr'>naturaeque</span> <span class='ocrx_word' id='word_1_197' title='bbox 1619 2515 1891 2577; x_wconf 82' lang='lat' dir='ltr'>humanae</span> <span class='ocrx_word' id='word_1_198' title='bbox 1915 2519 2090 2578; x_wconf 85' lang='lat' dir='ltr'>intel--</span> 
     </span>
     <span class='ocr_line' id='line_1_28' title="bbox 466 2596 2078 2677; baseline 0.002 -21"><span class='ocrx_word' id='word_1_199' title='bbox 466 2597 705 2675; x_wconf 66' lang='lat' dir='ltr'>ligentes</span> <span class='ocrx_word' id='word_1_200' title='bbox 733 2612 1000 2673; x_wconf 84' lang='lat' dir='ltr'>putantur</span> <span class='ocrx_word' id='word_1_201' title='bbox 1019 2643 1045 2669; x_wconf 15' lang='lat' dir='ltr'>,r</span> <span class='ocrx_word' id='word_1_202' title='bbox 1065 2596 1318 2673; x_wconf 85' lang='lat' dir='ltr'>inprimis</span> <span class='ocrx_word' id='word_1_203' title='bbox 1348 2596 1402 2654; x_wconf 86' lang='lat' dir='ltr'>in</span> <span class='ocrx_word' id='word_1_204' title='bbox 1429 2596 1814 2656; x_wconf 70' lang='lat' dir='ltr'>consentiente</span> <span class='ocrx_word' id='word_1_205' title='bbox 1841 2602 2078 2677; x_wconf 83' lang='lat' dir='ltr'>populo·</span> 
     </span>
     <span class='ocr_line' id='line_1_29' title="bbox 463 2677 1972 2758; baseline 0.002 -21"><span class='ocrx_word' id='word_1_206' title='bbox 463 2699 617 2748; x_wconf 83' lang='lat' dir='ltr'>rum,</span> <span class='ocrx_word' id='word_1_207' title='bbox 649 2695 958 2755; x_wconf 86' lang='lat' dir='ltr'>eorumque</span> <span class='ocrx_word' id='word_1_208' title='bbox 989 2678 1316 2750; x_wconf 85' lang='lat' dir='ltr'>cultiorum,</span> <span class='ocrx_word' id='word_1_209' title='bbox 1353 2677 1571 2755; x_wconf 84' lang='lat' dir='ltr'>judicio</span> <span class='ocrx_word' id='word_1_210' title='bbox 1602 2679 1972 2758; x_wconf 83' lang='lat' dir='ltr'>acquiescere.</span> 
     </span>
    </p>

    <p class='ocr_par' dir='ltr' id='par_1_5' title="bbox 442 2759 2087 3246">
     <span class='ocr_line' id='line_1_30' title="bbox 544 2759 2081 2839; baseline 0.003 -21"><span class='ocrx_word' id='word_1_211' title='bbox 544 2762 760 2818; x_wconf 87' lang='lat' dir='ltr'>Verum</span> <span class='ocrx_word' id='word_1_212' title='bbox 776 2759 956 2817; x_wconf 85' lang='lat' dir='ltr'>minus</span> <span class='ocrx_word' id='word_1_213' title='bbox 975 2776 1098 2817; x_wconf 83' lang='lat' dir='ltr'>tuto</span> <span class='ocrx_word' id='word_1_214' title='bbox 1119 2759 1401 2817; x_wconf 86' lang='lat' dir='ltr'>inceditur</span> <span class='ocrx_word' id='word_1_215' title='bbox 1427 2759 1538 2817; x_wconf 83' lang='lat' dir='ltr'>hoc</span> <span class='ocrx_word' id='word_1_216' title='bbox 1563 2760 1764 2818; x_wconf 83' lang='lat' dir='ltr'>itinere</span> <span class='ocrx_word' id='word_1_217' title='bbox 1782 2807 1797 2835; x_wconf 88' lang='lat'>,</span> <span class='ocrx_word' id='word_1_218' title='bbox 1825 2762 2081 2839; x_wconf 74' lang='lat' dir='ltr'>quamvis</span> 
     </span>
     <span class='ocr_line' id='line_1_31' title="bbox 465 2839 2087 2919; baseline 0.004 -21"><span class='ocrx_word' id='word_1_219' title='bbox 465 2839 603 2899; x_wconf 80' lang='lat' dir='ltr'>trito</span> <span class='ocrx_word' id='word_1_220' title='bbox 632 2839 902 2919; x_wconf 84' lang='lat' dir='ltr'>quondam</span> <span class='ocrx_word' id='word_1_221' title='bbox 921 2886 936 2911; x_wconf 87' lang='lat'>,</span> <span class='ocrx_word' id='word_1_222' title='bbox 959 2859 1139 2919; x_wconf 86' lang='lat' dir='ltr'>neque</span> <span class='ocrx_word' id='word_1_223' title='bbox 1160 2840 1224 2899; x_wconf 87' lang='lat' dir='ltr'>iis</span> <span class='ocrx_word' id='word_1_224' title='bbox 1242 2840 1463 2917; x_wconf 80' lang='lat' dir='ltr'>ingrato</span> <span class='ocrx_word' id='word_1_225' title='bbox 1478 2882 1501 2913; x_wconf 88' lang='lat'><em>,</em></span> <span class='ocrx_word' id='word_1_226' title='bbox 1534 2842 1628 2919; x_wconf 87' lang='lat' dir='ltr'>qui</span> <span class='ocrx_word' id='word_1_227' title='bbox 1645 2843 1946 2903; x_wconf 85' lang='lat' dir='ltr'>meditandi</span> <span class='ocrx_word' id='word_1_228' title='bbox 1988 2861 2087 2904; x_wconf 84' lang='lat' dir='ltr'>aut</span> 
     </span>
     <span class='ocr_line' id='line_1_32' title="bbox 456 2921 2078 3001; baseline 0.004 -21"><span class='ocrx_word' id='word_1_229' title='bbox 456 2922 783 3001; x_wconf 78' lang='lat' dir='ltr'>ignorarent</span> <span class='ocrx_word' id='word_1_230' title='bbox 810 2938 982 2981; x_wconf 81' lang='lat' dir='ltr'>artem</span> <span class='ocrx_word' id='word_1_231' title='bbox 1000 2970 1014 2996; x_wconf 85' lang='lat'>‚</span> <span class='ocrx_word' id='word_1_232' title='bbox 1037 2938 1129 2982; x_wconf 84' lang='lat' dir='ltr'>aut</span> <span class='ocrx_word' id='word_1_233' title='bbox 1156 2922 1402 2980; x_wconf 75' lang='lat' dir='ltr'>laborem</span> <span class='ocrx_word' id='word_1_234' title='bbox 1434 2921 1720 3001; x_wconf 76' lang='lat' dir='ltr'>fugerent.</span> <span class='ocrx_word' id='word_1_235' title='bbox 1765 2926 1919 2984; x_wconf 87' lang='lat' dir='ltr'>Nam</span> <span class='ocrx_word' id='word_1_236' title='bbox 1945 2945 2078 2986; x_wconf 86' lang='lat' dir='ltr'>cum</span> 
     </span>
     <span class='ocr_line' id='line_1_33' title="bbox 456 3000 2077 3087; baseline 0.002 -26"><span class='ocrx_word' id='word_1_237' title='bbox 456 3003 696 3061; x_wconf 82' lang='lat' dir='ltr'>felicitas</span> <span class='ocrx_word' id='word_1_238' title='bbox 714 3004 768 3058; x_wconf 79' lang='lat' dir='ltr'>in</span> <span class='ocrx_word' id='word_1_239' title='bbox 793 3021 874 3074; x_wconf 83' lang='lat' dir='ltr'>re,</span> <span class='ocrx_word' id='word_1_240' title='bbox 903 3005 1087 3064; x_wconf 88' lang='lat' dir='ltr'>nonin</span> <span class='ocrx_word' id='word_1_241' title='bbox 1107 3006 1371 3079; x_wconf 75' lang='lat' dir='ltr'>opinione,</span> <span class='ocrx_word' id='word_1_242' title='bbox 1401 3000 1501 3061; x_wconf 82' lang='lat' dir='ltr'>fita</span> <span class='ocrx_word' id='word_1_243' title='bbox 1521 3003 1585 3061; x_wconf 81' lang='lat' dir='ltr'>lit</span> <span class='ocrx_word' id='word_1_244' title='bbox 1608 3025 1620 3063; x_wconf 93' lang='lat'>.·</span> <span class='ocrx_word' id='word_1_245' title='bbox 1647 3005 1724 3085; x_wconf 52' lang='grc' dir='ltr'>(ᾗ.</span> <span class='ocrx_word' id='word_1_246' title='bbox 1757 3007 1875 3087; x_wconf 84' lang='lat'>13.)</span> <span class='ocrx_word' id='word_1_247' title='bbox 1903 3026 2077 3085; x_wconf 87' lang='lat' dir='ltr'>pene-</span> 
     </span>
     <span class='ocr_line' id='line_1_34' title="bbox 450 3082 2080 3160; baseline 0.004 -19"><span class='ocrx_word' id='word_1_248' title='bbox 450 3084 702 3143; x_wconf 65' lang='lat' dir='ltr'>trandum</span> <span class='ocrx_word' id='word_1_249' title='bbox 732 3082 812 3142; x_wconf 87' lang='lat' dir='ltr'>est</span> <span class='ocrx_word' id='word_1_250' title='bbox 835 3083 891 3141; x_wconf 89' lang='lat' dir='ltr'>in</span> <span class='ocrx_word' id='word_1_251' title='bbox 913 3084 1081 3160; x_wconf 81' lang='lat' dir='ltr'>ipsam</span> <span class='ocrx_word' id='word_1_252' title='bbox 1114 3099 1359 3143; x_wconf 64' lang='lat' dir='ltr'>naturam</span> <span class='ocrx_word' id='word_1_253' title='bbox 1387 3083 1681 3145; x_wconf 66' lang='lat' dir='ltr'>hammam.</span> <span class='ocrx_word' id='word_1_254' title='bbox 1718 3088 1883 3147; x_wconf 78' lang='lat' dir='ltr'>Haec</span> <span class='ocrx_word' id='word_1_255' title='bbox 1916 3106 2080 3147; x_wconf 86' lang='lat' dir='ltr'>nurn-</span> 
     </span>
     <span class='ocr_line' id='line_1_35' title="bbox 442 3164 2077 3246; baseline 0.002 -25"><span class='ocrx_word' id='word_1_256' title='bbox 442 3185 602 3243; x_wconf 81' lang='lat' dir='ltr'>quam</span> <span class='ocrx_word' id='word_1_257' title='bbox 629 3164 768 3226; x_wconf 71' lang='lat' dir='ltr'>fallit</span> <span class='ocrx_word' id='word_1_258' title='bbox 790 3210 805 3238; x_wconf 90' lang='lat'>‚</span> <span class='ocrx_word' id='word_1_259' title='bbox 841 3185 1146 3246; x_wconf 74' lang='lat' dir='ltr'>quanquam</span> <span class='ocrx_word' id='word_1_260' title='bbox 1179 3172 1232 3225; x_wconf 84' lang='lat' dir='ltr'>in</span> <span class='ocrx_word' id='word_1_261' title='bbox 1264 3169 1381 3244; x_wconf 47' lang='lat' dir='ltr'>ejas</span> <span class='ocrx_word' id='word_1_262' title='bbox 1411 3169 1758 3245; x_wconf 65' lang='lat' dir='ltr'>expz&#39;icatz&#39;one</span> <span class='ocrx_word' id='word_1_263' title='bbox 1808 3168 2077 3228; x_wconf 80' lang='lat' dir='ltr'>homines</span> 
     </span>
    </p>

    <p class='ocr_par' dir='ltr' id='par_1_6' title="bbox 2001 3252 2088 3309">
     <span class='ocr_line' id='line_1_36' title="bbox 2001 3252 2088 3309; baseline 0 0"><span class='ocrx_word' id='word_1_264' title='bbox 2001 3252 2088 3309; x_wconf 64' lang='lat' dir='ltr'>iil-i</span> 
     </span>
    </p>
   </div>
  </div>
 </body>
</html>
