2143 3848
77 237 221 305 Rms
237 229 314 290 Π.
487 225 706 289 Felicem
731 223 1052 287 ducentibus,
1097 221 1317 291 SEU-10
1345 225 1395 287 L
1559 235 1681 317 223

75 389 203 432 mur
235 414 253 441 ‚
306 364 558 447 (§.96.)
600 381 782 441 neque
826 360 1247 441 praescribitur,
1308 380 1487 442 neque
1528 363 1680 441 exigi

80 448 288 531 potest.
372 443 835 517 Vitamraliorum
875 441 1092 506 nostrae
1124 463 1468 522 praeponere
1490 444 1681 527 possu-

79 551 202 592 mus
231 577 248 605 ‚
304 522 632 589 felicitatetii
673 541 787 581 non
826 522 1126 600 poffurnus.
1186 523 1275 604 (ᾗ.
1326 531 1506 599 169.)
1563 524 1681 609 Qui

80 633 186 692 pro
233 609 346 671 aliis
392 603 616 680 suscipit
675 602 993 676 molestias,
1038 605 1126 663 vel
1152 606 1344 669 mortis
1382 605 1495 664 adit
1532 607 1682 684 peri-

79 694 298 767 culum,
315 689 360 749 is
385 685 597 766 posita,
627 703 792 762 quarn
824 682 902 762 (ᾗ.
923 681 1050 760 68.)
1078 686 1459 760 exposuimus,
1485 688 1680 750 condi-

83 769 309 834 tioneid
334 766 472 826 facit
489 812 506 839 ,
524 764 675 844 quod
691 762 790 823 fibi
806 762 906 840 ipli
928 766 1114 827 debet.
1139 765 1166 844 (
1181 767 1229 844 §.
1252 766 1414 843 249.)
1456 767 1512 824 Si
1528 770 1679 830 enim

79 855 275 922 malum
307 846 558 907 nostrum
598 845 665 904 fit
707 846 1044 922 reparabile,
1087 846 1321 911 alienum
1357 865 1494 908 vero
1522 893 1538 920 ‚
1583 849 1685 910 nisi

78 954 184 994 nos
227 929 370 992 aliud
418 925 765 993 incommodi
813 925 1135 999 subeamu3‚
1191 927 1541 1006 irreparabile
1572 976 1587 999 ‚
1630 931 1687 989 se

78 1030 259 1082 amat,
300 1011 392 1088 qui
419 1008 688 1088 jafituram
723 1007 869 1066 suam
896 1007 1148 1088 negligit.
1195 1010 1255 1067 Si
1278 1012 1333 1068 in
1359 1011 1493 1071 mari
1497 1011 1682 1083 jaciat·

78 1118 143 1158 ra
163 1093 420 1172 facienda
437 1088 547 1165 stt,
591 1090 775 1170 inquit
801 1091 972 1150 Cicero
1006 1091 1064 1147 de
1097 1086 1317 1164 officiis,
1360 1095 1537 1169 equine
1563 1108 1683 1168 pre·

78 1176 196 1252 riost
210 1176 379 1250 potius
399 1173 663 1249 jathir-am
671 1170 901 1253 facias,
920 1183 1003 1228 'an
1012 1170 1214 1247 servuli
1236 1172 1398 1232 vilis?
1439 1173 1549 1234 Hic
1580 1177 1685 1235 alio

75 1277 161 1330 „res
178 1255 520 1333 familiaris,
563 1253 666 1311 alio
696 1253 839 1314 ducit
862 1253 1183 1312 humanitas.

81 1379 84 1384 -
164 1343 373 1415 Neque
397 1354 467 1395 ex
490 1332 805 1394 differentia
835 1332 1146 1392 officiorum
1164 1350 1295 1410 erga
1321 1335 1642 1399 societatem
1660 1384 1680 1413 ,

77 1439 241 1498 quam
275 1418 406 1478 Sed.
444 1435 500 1490 4.
544 1414 935 1492 expediemus,
978 1411 1165 1473 oritur
1209 1431 1411 1475 eorum
1451 1435 1685 1481 conten·

85 1499 169 1559 tio
197 1546 215 1575 ‚
262 1500 348 1560 uti
384 1496 480 1578 (ᾗ.
524 1493 706 1574 277.)
752 1494 1069 1556 afferemus,

164 1662 214 1743 §.
256 1658 450 1720 CCLI.
538 1656 905 1736 Repudianda
924 1657 1006 1717 est
1033 1658 1460 1721 MANnEvutn
1492 1662 1684 1740 opina-

84 1743 205 1818 tio,
259 1739 662 1812 existimantiS,
718 1737 910 1817 fugam
946 1737 1216 1800 vitiorum
1255 1740 1318 1800 ὅ(
1363 1740 1565 1802 florem
1601 1744 1686 1803 so·

84 1822 300 1884 cieratis
327 1820 427 1881 fibi
463 1838 798 1899 repugnare,
824 1819 928 1880 illis
971 1837 1109 1881 vero
1139 1820 1526 1901 ingruentibus
1552 1844 1689 1904 pro·

81 1906 395 1987 speritatem
436 1901 717 1981 publicam
756 1899 966 1979 augeri.

162 1985 407 2047 Primum
445 1982 649 2042 fallitur
687 1981 747 2041 in
784 1981 1096 2044 definienda
1129 1982 1363 2043 notione
1399 1984 1687 2050 vitiorum.

81 2070 169 2130 Ex
207 2066 273 2125 iis
303 2112 320 2138 ‚
386 2081 528 2144 quae
579 2061 753 2139 magis
796 2061 1063 2139 opinione
1114 2062 1404 2125 hominum
1435 2111 1451 2138 ‚
1519 2088 1684 2146 quam

86 2169 149 2209 re
187 2146 393 2206 vitiosa
419 2145 574 2215 sunt,
614 2143 748 2202 mala
797 2149 908 2202 non
946 2141 1220 2204 oriuntur.
1300 2146 1385 2204 At
1427 2166 1496 2206 ex
1538 2150 1688 2208 veris

81 2229 234 2292 vitiis
261 2227 397 2286 mala
427 2226 715 2283 nascantur
748 2222 969 2284 neceffe
1000 2221 1111 2286 est:
1156 2223 1285 2285 ideo
1316 2226 1464 2287 enim
1489 2228 1681 2289 dicun·

86 2331 176 2373 tur
224 2308 396 2381 vitia,
432 2305 580 2386 quod
617 2323 716 2381 per
756 2324 819 2365 ea
866 2323 1066 2365 verum
1104 2304 1498 2368 detrimentum
1541 2311 1689 2370 acci·

85 2392 255 2472 pitur.
336 2387 563 2448 Deinde
604 2385 642 2443 fi
682 2384 779 2445 fibi
824 2401 1032 2447 nocent
1074 2385 1288 2461 vitiosi,
1330 2407 1588 2449 extremo
1628 2392 1686 2453 in

84 2471 413 2532 societatem
443 2466 727 2544 specialem
771 2466 913 2524 haec
950 2485 1097 2525 noxa
1135 2468 1442 2529 redundare
1479 2472 1685 2544 debet,

89 2548 342 2631 quoniam
362 2563 669 2624 gangraena
693 2545 862 2622 partis
884 2546 1107 2606 tandem
1124 2562 1308 2608 totum
1334 2569 1537 2629 corpus
1554 2571 1688 2615 con-

89 2629 273 2693 sumit.
624 2692 629 2697 ,

169 2712 249 2771 At
262 2725 401 2765 vero
418 2752 433 2778 ,
451 2703 629 2782 inquis
649 2750 667 2778 ,
691 2703 869 2765 virtus
875 2707 1078 2784 populis
1095 2719 1200 2766 tam
1217 2726 1412 2785 parum
1430 2713 1687 2789 prodest,

91 2793 153 2852 ἃ
183 2811 292 2848 tam
311 2789 469 2865 saepe
497 2802 698 2845 nocet:
731 2801 792 2846 ut
822 2786 865 2844 is
894 2789 979 2864 qui
1005 2787 1164 2845 oderit
1191 2791 1326 2848 vitia
1348 2832 1367 2862 ,
1371 2790 1681 2868 societatem

90 2871 238 2949 wlff?
255 2869 529 2931 videatur.
574 2869 762 2928 Fuerit
782 2866 1017 2944 injustus
1042 2868 1098 2925 in
1132 2873 1453 2947 peregrinos
1468 2875 1643 2950 judex
1661 2924 1679 2952 ,

92 2951 313 3033 prodest
339 2948 622 3020 societati,
645 2968 781 3027 opes
811 2949 1015 3008 exteris
1040 2948 1252 3009 debitas
1270 2951 1436 3030 ipsius
1471 2956 1525 3014 in
1556 2958 1684 3017 fini-

87 3038 189 3101 bus
209 3029 535 3092 conservari.
561 3029 775 3109 Ecquid
804 3028 982 3087 refert
992 3027 1272 3108 societatis
1288 3079 1302 3105 ‚
1320 3048 1457 3093 metu
1477 3057 1546 3095 an
1577 3044 1682 3097 νῖν·

94 3112 415 3194 rutisstudio
453 3113 604 3190 leges
651 3111 992 3171 serventur?
1051 3112 1250 3175 Virtus
1293 3114 1569 3191 timidior,
1614 3137 1685 3177 ne

1562 3197 1683 3259 offi-
