2143 3848
456 234 536 313 46
1032 222 1119 285 De
1151 222 1286 285 Vita
1310 221 1498 288 Felice.
1592 220 1598 223 ’
1848 231 1998 291 PARS
2030 228 2101 292 1:

459 374 541 465 (§.
575 382 661 463 8.)
690 401 794 461 pro
834 375 1046 440 diversa
1077 374 1408 437 difficultate
1440 374 1769 449 obtinendi,
1802 379 1951 456 quod
1980 399 2076 437 cu·

446 469 652 546 piant,
672 466 759 523 vel
775 459 1022 522 evitandi
1036 475 1128 516 aut
1147 457 1414 532 tollendi,
1432 457 1578 537 quod
1593 457 1894 517 declinant.
1914 457 1939 532 (
1949 460 2077 517 Dif-

454 548 672 608 ficulras
699 546 841 605 enirn
875 556 1044 619 auget
1067 542 1335 619 impetum
1356 586 1370 609 ‚
1398 538 1577 599 veluti
1608 541 1838 616 amoris,
1875 537 2074 618 mifiri-

458 631 662 690 cordiae
679 679 692 701 ‚
720 625 1030 707 cupiditatis
1064 623 1265 685 occulta·
1274 620 1533 701 sciendi.)

536 714 631 771 Ad
669 713 939 772 summum
993 704 1150 765 venit
1200 703 1512 764 commotio
1552 702 1756 775 animi,
1799 722 1926 764 cum
1967 704 2077 764 cla-

455 794 693 866 rissime,
722 788 971 868 quamvis
997 786 1148 845 fimul
1167 784 1399 846 confuse
1417 827 1438 859 ,
1467 785 1681 844 animus
1703 783 1756 843 id
1786 804 1956 845 unum
1979 806 2076 844 co·

454 876 598 953 gitat
629 921 642 934 .
685 873 834 946 quod
883 869 1144 928 aff:·6tutn
1195 867 1510 939 excitavit,
1554 869 1790 926 maxima
1829 870 1883 925 νὶ
1931 880 2080 926 arcet

454 958 603 1015 ideas
629 952 815 1029 diveifi
842 953 1085 1031 generis,
1129 948 1190 1011 ἃ
1240 951 1492 1009 acerrime
1522 951 1769 1008 irritatur
1795 948 1924 1005 ideis
1952 967 2072 1006 con-

455 1039 676 1112 trariis,
721 1057 849 1117 quas
885 1054 988 1114 per
1035 1033 1266 1093 modum
1304 1032 1573 1092 ratiocinii
1616 1032 1866 1091 afferunt
1897 1029 2078 1090 moni-

452 1135 620 1181 tOl‘CS.

536 1201 840 1263 Evanescit
856 1221 958 1280 per
974 1201 1006 1257 s
998 1219 1028 1256 e
1045 1197 1272 1258 defectu
1287 1195 1491 1257 virium
1509 1192 1697 1267 animi,
1715 1193 1922 1253 diutius
1937 1194 2082 1252 hanc

455 1284 600 1364 quasi
615 1303 915 1345 nervorum
935 1283 1155 1342 suorum
1181 1279 1614 1339 contentionem
1633 1275 1936 1335 sustinendi
1954 1323 1970 1349 ‚
1988 1275 2080 1333 vel

456 1368 753 1425 contrariis
795 1363 1250 1442 perceptionibus
1272 1359 1598 1438 fortioribus
1632 1358 1687 1417 in
1724 1357 1965 1417 animum
1981 1355 2082 1435 su·

456 1449 566 1505 bico
586 1447 757 1509 illatis.
780 1449 861 1509 V.
881 1467 932 1507 c,
953 1458 982 1504 l<
997 1445 1182 1525 rangit
1205 1444 1487 1504 hominem
1509 1442 1845 1500 frementem
1871 1439 2097 1515 impro-¹

457 1529 610 1590 visus
653 1529 763 1590 viri
789 1530 1064 1588 adventus
1087 1573 1103 1599 ‚
1148 1545 1312 1605 quem
1341 1524 1545 1582 metuit
1588 1537 1684 1578 aut
1716 1535 2040 1580 veneratur.

539 1612 809 1671 Paulatim
843 1607 1183 1668 defervescit
1216 1604 1431 1674 aestm,
1477 1621 1605 1661 cum
1630 1619 1814 1660 novae
1853 1620 1917 1660 ac
1941 1600 2082 1662 varii

455 1694 684 1772 generis
715 1692 875 1750 ideae
905 1693 1185 1766 obrepunt
1226 1689 1282 1745 in
1319 1685 1581 1744 animum.
1627 1703 1681 1742 v.
1713 1701 1762 1743 c.
1801 1703 1926 1743 cum
1958 1683 2084 1760 quis

457 1772 731 1855 originem
750 1792 815 1832 ac
832 1790 930 1831 cau
942 1771 1046 1828 sam
1079 1769 1198 1846 ejus
1219 1814 1234 1841 ‚
1266 1787 1372 1847 qua
1389 1768 1661 1846 agitatur,
1681 1764 2081 1826 commotionis

454 1857 727 1915 continua
760 1853 1029 1914 orationis
1068 1850 1206 1909 serie
1229 1869 1489 1909 enarrare
1506 1846 1730 1925 incipit.

544 1938 805 1997 Affeftus
835 1955 947 1993 non
981 1932 1334 1991 omnessunt
1379 1930 1640 1989 indicium
1676 1927 1943 1987 libertatis
1974 1946 2040 1986 eo
2060 1974 2078 2002 ,

454 2033 566 2101 quo
600 2019 856 2087 fervent,
890 2031 1152 2091 tempore
1180 2011 1257 2069 ita
1278 2010 1615 2088 prostratae,
1649 2025 1710 2065 ut
1742 2009 1950 2067 homini
1976 2030 2075 2067 no·

457 2118 640 2165 ceant.
692 2099 853 2159 Hinc
882 2115 1005 2155 cum
1037 2095 1324 2153 veteribus
1369 2091 1693 2170 quibusdam
1716 2093 2074 2168 perturbatio·

456 2204 550 2246 vtes
577 2181 719 2254 dici,
749 2178 808 2239 ἃ
840 2178 902 2235 ad
929 2176 1391 2253 intemperantiam
1418 2172 1647 2244 referri,
1678 2173 1934 2231 universe
1963 2191 2077 2232 non

455 2282 757 2328 merentur.
800 2264 956 2321 Bona
984 2258 1130 2317 enim
1165 2257 1267 2315 alia
1302 2254 1424 2314 sunt
1449 2254 1708 2333 digniora
1737 2252 1853 2312 aliis
1876 2300 1891 2326 ‚
1935 2272 2078 2333 quae

459 2362 810 2424 expetantur.
877 2345 1124 2419 Impetus
1148 2338 1337 2417 itaque
1371 2335 1674 2395 voluntatis
1703 2355 1800 2410 par
1832 2335 2076 2412 ipsorum

458 2424 861 2506 magnitudini,
912 2422 973 2483 ἃ
1004 2421 1226 2493 rectae,
1262 2417 1513 2500 quamvis
1543 2414 1822 2494 confusae,
1869 2436 2074 2477 eorun-

458 2513 590 2573 dem
620 2505 966 2587 cognitioni,
1009 2523 1113 2583 per
1145 2504 1196 2561 se
1228 2522 1338 2561 non
1371 2500 1451 2560 est
1479 2517 1677 2558 contra
1704 2514 1974 2557 naturam.

541 2589 1027 2677 Quemadmodum
1054 2585 1267 2644 idcirco
1297 2602 1409 2641 non
1431 2582 1568 2640 mala
1590 2580 1670 2639 est
1692 2578 1814 2638 veri
1835 2578 2077 2659 aliquan·

455 2692 523 2736 to
551 2671 889 2734 abstrusioris
915 2667 1202 2746 indagatio
1224 2708 1245 2739 ‚
1285 2664 1432 2744 quod
1468 2679 1673 2722 tantam
1700 2660 1911 2738 ingenii
1939 2681 2079 2722 con-

460 2756 768 2818 tentionem
812 2751 991 2831 exigit
1025 2795 1042 2821 ‚
1093 2766 1154 2807 ut
1191 2747 1370 2806 anima
1404 2745 1685 2803 subortam
1727 2742 2071 2805 debilitatem

460 2840 607 2900 suam
639 2835 910 2908 sentiens,
944 2832 1146 2891 virium
1167 2826 1571 2889 restauratione
1598 2825 1872 2902 indigeat:
1918 2825 2000 2883 uti
2040 2845 2073 2885 a
2128 2873 2131 2877 .

460 2922 652 2981 labore
695 2917 946 2974 homines
977 2915 1288 2973 absterrere
1322 2927 1433 2966 non
1474 2907 1640 2966 debet
1676 2907 1903 2986 sequens
1946 2924 2073 2964 cor-

463 3001 616 3083 poris
647 2995 1010 3075 defatigatio:
1052 2996 1125 3054 fic
1154 3014 1259 3054 nec
1288 2989 1469 3070 quivis
1506 2988 1735 3049 affectus
1772 3003 1972 3059 nocet,
2003 2986 2069 3046 li-

464 3101 559 3143 cet
587 3098 803 3141 motum
840 3077 1007 3137 animi
1052 3097 1115 3136 ac
1154 3071 1399 3151 corporis
1428 3071 1695 3149 majorem
1733 3069 2070 3143 excitandO,

464 3166 698 3247 aliquam
723 3159 1107 3224 infirmitatem
1132 3157 1432 3236 relinquat,
1462 3153 1624 3216 brevi
1652 3152 2060 3315 ῑέἰεῖεέἓὲιέζῄ
