2143 3848
327 258 442 314 204
562 236 649 296 De
678 234 913 313 Legibus
928 203 1291 295 Naturalibus
1320 235 1393 294 ad
1416 220 1598 296 Vitam
1678 242 1827 302 PARS
1857 243 1934 304 Π.

323 379 418 459 qui
440 377 537 437 has
563 374 808 435 condunt
828 420 844 447 ,
877 367 1058 432 illi'ob
1086 370 1402 432 intelleeffls
1425 372 1503 432 sui
1536 372 1740 432 limites
1761 419 1777 446 ‚
1823 394 1936 435 non

318 461 469 520 simul
490 458 709 532 omnia,
741 473 882 534 quae
907 454 1138 515 evenire
1157 453 1418 532 poffunt,
1453 454 1766 514 intuenttm
1804 454 1936 539 Quo

322 543 426 616 fit,
471 556 531 599 ut
564 559 681 599 non
720 538 934 614 semper
971 552 1231 595 accurate
1269 536 1585 613 cogitantes
1608 581 1623 609 ,
1669 554 1775 594 nec
1803 534 1932 593 satis

321 623 505 704 preffe
548 621 874 700 loquente8‚
917 616 1076 678 dietis
1112 616 1219 676 suis
1263 617 1531 696 deinceps
1562 616 1933 675 extendendis

320 721 417 764 aut
448 697 838 780 restringendis
868 697 1068 759 vitium
1104 697 1272 776 legis,
1317 701 1446 776 quod
1479 701 1706 758 humana
1742 713 1933 774 parum

321 789 467 846 cavit
495 797 725 856 natura,
766 800 915 841 nova
947 781 1070 857 lege
1104 780 1393 858 corrigere
1426 798 1714 859 cogantur.

405 868 504 927 Sic
545 888 601 926 v.
643 885 692 924 c,
736 863 917 940 leges:
963 865 1134 922 vitam
1168 873 1314 919 tuam
1360 876 1531 932 tuere,
1580 859 1648 926 ἐξ
1683 862 1812 918 mori
1844 876 1934 938 pro

316 946 679 1032 patrialzaud
715 943 926 1023 recusa,
970 942 1185 1003 idcirco
1231 943 1416 1002 collidi
1461 941 1763 1014 videntur,
1803 942 1933 1019 quia

319 1052 435 1094 non
465 1029 762 1090 terminate
803 1025 1179 1083 enuntiantur.
1230 1023 1320 1103 (ᾗ.
1372 1023 1554 1100 277.)
1835 1024 1838 1027 ⁴

403 1110 691 1195 Quocirca
717 1107 757 1166 st
787 1106 906 1186 quis
934 1122 1180 1183 ponatur
1198 1104 1496 1164 confli6tus
1528 1106 1710 1183 legum
1730 1147 1751 1178 ,
1795 1108 1950 1182 quae‘

321 1194 597 1257 naturales
637 1189 933 1260 dicuntur,
979 1187 1025 1246 is
1058 1205 1169 1245 non
1204 1184 1347 1245 inest
1378 1186 1437 1244 in
1469 1204 1528 1244 re
1558 1233 1573 1255 ,
1615 1188 1710 1245 sed
1750 1186 1806 1244 in
1836 1205 1935 1243 co-

325 1277 583 1359 gnitione
609 1291 803 1330 eorum
829 1316 845 1342 ,
873 1267 984 1348 qui
1021 1267 1236 1345 regulas
1266 1265 1363 1326 sub
1390 1269 1576 1345 legum
1608 1264 1934 1327 naturalium

323 1358 558 1418 nornine
585 1349 950 1430 concipiunt,
972 1350 1060 1410 vel
1088 1350 1144 1408 in
1171 1349 1376 1422 verbiS,
1408 1349 1606 1429 quibus
1639 1368 1730 1409 eas
1756 1366 1933 1406 enun-

319 1454 479 1501 tiant.
1903 1441 1908 1446 ’

401 1603 454 1683 ᾗ.
499 1598 878 1661 CCXXVIII.
964 1593 1288 1672 Obligatio‚
1313 1610 1453 1669 quae
1482 1610 1554 1662 ex
1584 1590 1819 1649 notione
1857 1589 1932 1646 le-

325 1684 413 1761 gis
441 1679 701 1752 naturalis
726 1676 1081 1754 intelligitur,
1109 1674 1180 1732 ad
1203 1670 1468 1750 universos
1495 1672 1741 1750 pertinet
1773 1668 1951 1730 ,bmni-⁴

321 1784 432 1825 nes,
516 1762 574 1822 Si
602 1777 785 1819 totum
814 1778 988 1839 genus
1020 1758 1319 1816 humanum
1348 1755 1631 1832 conspiret
1656 1801 1671 1824 ‚
1716 1772 1789 1812 ne·
1813 1752 1932 1831 qui·

323 1847 451 1905 dem
487 1863 627 1903 unus
665 1842 835 1899 homo
863 1839 932 1898 de
975 1839 1259 1898 communi
1295 1837 1552 1895 omnibus
1583 1834 1932 1913 obligatione

323 1928 496 1987 eximi
520 1925 685 2003 poffit
700 1965 723 1996 ,
752 1922 861 1981 hoc
888 1921 1098 1980 effeeiu
1122 1968 1138 1993 ,
1171 1936 1231 1978 ut
1259 1918 1391 1977 dum
1414 1937 1504 1976 eas
1537 1917 1688 1994 leges
1719 1916 1893 1977 violet
1913 1935 1953 1987 ‚²

323 2009 391 2072 fit
410 2008 547 2068 felix
565 2054 581 2080 ,
607 2003 946 2082 ἀυωϊετνεῖ
966 2050 979 2075 ,
1008 2002 1214 2062 miser„
1253 2001 1508 2060 Naturae
1531 2000 1679 2057 enim
1709 2016 1932 2058 accom-

324 2091 588 2150 modatae
616 2087 774 2156 sunt,
819 2084 1057 2161 proinde
1100 2080 1298 2140 mutari
1338 2095 1660 2157 nequeunt,
1706 2078 1811 2136 nifi
1846 2077 1934 2137 illa

323 2185 579 2233 mutetur
596 2209 617 2240 ,
644 2163 790 2243 quod
805 2183 918 2224 non
936 2164 1017 2221 est
1035 2164 1194 2221 situm
1216 2161 1271 2219 in
1288 2179 1465 2218 rerum
1484 2177 1791 2218 creatarum
1808 2158 1930 2218 uni-

325 2251 609 2314 versarum
631 2292 646 2319 ‚
677 2244 883 2304 nedum
912 2244 1131 2322 generis
1162 2240 1385 2301 humani
1421 2239 1716 2318 potestate.

409 2334 622 2408 Neque
654 2325 789 2385 huic
811 2325 1016 2384 afferto
1041 2323 1223 2398 obstat
1250 2323 1434 2399 legum
1467 2320 1665 2380 divisio
1695 2320 1749 2380 in
1783 2319 1932 2399 ahso-

328 2417 473 2475 Iuta‘s
507 2411 569 2470 &
597 2407 977 2487 hypotheticas.
1012 2417 1029 2476 f
1060 2405 1191 2463 Illae
1230 2417 1434 2480 regunt
1461 2399 1668 2480 statum
1699 2406 1934 2461 omnihus

327 2495 620 2556 hominihus
637 2507 948 2548 communem
965 2533 979 2558 ,
1001 2485 1101 2544 hae
1128 2484 1432 2561 quibusdam
1456 2487 1758 2560 proprium3
1787 2481 1931 2557 (vel-

327 2577 409 2636 uti
437 2579 575 2652 leges
601 2570 805 2632 vivendi
827 2612 847 2639 ‚
891 2587 1023 2645 quas
1054 2585 1251 2638 natura
1277 2562 1605 2644 praescribit
1633 2565 1890 2625 militibus
1908 2613 1928 2641 ‚

327 2662 533 2719 civibus
551 2703 565 2729 ‚
606 2647 993 2733 principibus.)

417 2739 724 2801 Enimvero
765 2734 917 2809 leges
947 2730 1307 2809 hypotheticae
1346 2727 1408 2806 1)
1449 2746 1727 2804 nunquam
1768 2746 1934 2810 repu-

332 2837 503 2906 gnant
538 2813 833 2885 absoluti83
877 2830 1065 2890 potius
1113 2809 1178 2883 2)
1211 2830 1282 2870 ex
1327 2809 1409 2869 his
1438 2807 1640 2867 deduci
1667 2808 1933 2887 p'offunt,

331 2911 446 2969 hoc
489 2898 602 2972 est,
645 2896 886 2974 ipsarum
933 2891 1206 2970 obligatio
1242 2889 1444 2950 nititur
1476 2888 1719 2948 veritate
1750 2890 1936 2969 legum

331 2985 736 3048 absolutarum3
772 2977 834 3054 3)
858 2994 928 3033 ex
954 2973 1149 3034 iisdem
1181 2972 1423 3033 nascitur
1454 2968 1726 3048 obligatio
1754 2973 1936 3030 omni-

329 3073 433 3135 bus
453 3058 767 3128 communis
784 3104 800 3131 ‚
832 3056 1032 3136 quibus
1055 3055 1205 3114 idem
1230 3052 1432 3124 statu8‚
1460 3054 1525 3110 ad
1547 3071 1709 3131 quern
1739 3071 1939 3128 regen-

330 3153 461 3221 dum
493 3141 774 3227 pertinent
792 3185 810 3215 ,
842 3136 923 3200 est
949 3136 1261 3200 communis
1280 3178 1300 3214 ,
1338 3133 1600 3218 idemque
1624 3134 1836 3195 bonum
1855 3132 1938 3193 est

1811 3231 1940 3295 pro-
