2143 3848
41 235 186 293 Pins
205 226 249 285 1.
523 221 609 282 De
651 221 782 283 Vna
818 219 1006 282 Felice.
1049 221 1380 284 SecrloIII.
1565 242 1645 301 45

41 375 261 450 plorant
313 365 377 427 dc
416 381 594 440 aiunt,
638 382 701 425 ut
742 366 1041 443 deglubant
1080 366 1332 428 credulos
1359 412 1378 442 ‚
1437 378 1537 426 aut
1575 367 1642 430 iis

44 454 415 515 dominentur.

131 615 182 693 ᾗ.
228 609 486 672 LXXXI.
570 606 829 668 Affefitus
868 609 957 692 (ξ.
989 603 1129 693 79⁴)
1172 607 1483 690 (permotio
1529 609 1648 670 ani-

46 695 149 774 mi)
180 693 258 751 est
291 692 458 750 status
483 689 697 749 animae
740 692 947 752 bonum
988 694 1258 753 malumve
1286 691 1507 770 aliquod
1544 690 1646 751 fibi

47 774 338 835 admodum
373 770 554 829 lucide
600 770 919 832 exhibentis
947 819 963 845 ,
1021 795 1089 832 ac
1125 773 1516 832 vehementius
1550 792 1646 849 ap-

46 854 292 935 petentis
330 853 418 911 vel
453 851 773 929 aversantis.
856 854 1054 914 Minus
1100 870 1354 914 accurate
1393 851 1645 932 pqffionis

47 934 380 995 vocabulum
423 931 554 990 huic
599 933 781 993 motui
813 935 1288 995 accommodatur.
1383 938 1645 994 Maxime

48 1017 195 1075 enim
221 1011 425 1091 astuosa
451 1012 531 1072 est
560 1013 736 1072 anima
757 1060 773 1086 ,
805 1035 931 1075 cum
950 1017 1144 1095 agitari
1175 1011 1373 1094 affeffbu
1403 1015 1646 1075 dicitur:

46 1097 248 1176 partim
270 1142 285 1168 ,
317 1094 464 1173 quod
490 1112 684 1170 magna
710 1095 769 1153 vi
786 1112 1020 1154 revocat
1051 1097 1319 1174 imagines
1338 1113 1520 1174 gratas
1547 1110 1648 1155 aut:

46 1180 269 1237 acerbas
276 1178 626 1254 praeteritas,
668 1193 799 1252 quas
829 1195 956 1234 cum
983 1175 1136 1248 idea,
1167 1196 1236 1236 ex
1255 1198 1359 1255 qua
1390 1192 1544 1236 ortus
1563 1175 1645 1234 est

44 1274 267 1330 Ino-tus,
306 1258 577 1316 velociter
602 1255 934 1335 conjungit5
990 1260 1189 1335 partim
1210 1301 1230 1330 ,
1256 1259 1404 1336 quod
1443 1257 1647 1318 resistit:

47 1339 225 1400 cuivis
245 1338 398 1398 ideae
414 1336 619 1397 diversi
641 1339 863 1415 generis
879 1383 898 1410 5
923 1339 978 1397 in
995 1338 1185 1416 primis
1202 1357 1388 1397 antem.
1414 1339 1649 1397 cuicun-

49 1440 155 1499 que
181 1419 333 1479 ideae
347 1419 653 1478 contrariae
669 1465 685 1491 ,
705 1437 775 1478 ne
797 1418 855 1477 in
878 1420 1031 1479 suum
1051 1417 1197 1498 quasi
1215 1418 1451 1478 fundum
1468 1436 1646 1495 pene«

52 1517 166 1558 tret
181 1545 198 1570 ,
225 1500 509 1575 lucemque
522 1499 664 1557 illius
679 1499 839 1558 ideae
858 1500 1144 1573 obfuscet,
1164 1500 1253 1559 cui
1276 1516 1454 1560 totam
1470 1498 1528 1558 se
1546 1519 1645 1558 va-

52 1599 176 1638 care
189 1579 373 1637 sentit.
395 1579 654 1655 Jocosurn
668 1578 911 1639 moestus
929 1623 949 1653 ‚
977 1579 1188 1640 tristem
1217 1579 1399 1640 hilaris
1416 1579 1651 1653 ,mitem

50 1662 220 1720 iratus
238 1705 253 1731 ,
276 1660 548 1717 Catonem
577 1677 755 1717 amans
772 1659 1006 1737 despicit
1021 1702 1042 1730 ‚
1063 1679 1176 1720 non
1196 1660 1349 1718 audit
1364 1703 1387 1734 ‚
1407 1660 1651 1737 repellit.

139 1737 567 1799 Commotiones
594 1738 619 1815 (
634 1738 907 1818 affectus)
948 1740 1216 1799 differunt
1235 1760 1266 1798 a
1288 1740 1485 1799 sedatis
1516 1741 1543 1820 (
1557 1739 1651 1798 seu

52 1819 336 1880 ordinariis
384 1818 868 1898 appetitionibus)
915 1821 1271 1880 vehementia
1304 1821 1366 1880 δε
1407 1820 1651 1878 brevita-

54 1919 114 1960 te
153 1900 390 1977 impetus
419 1944 436 1968 ,
495 1899 819 1976 quandoque
862 1899 927 1958 <Sc
971 1900 1254 1958 celeritate
1284 1946 1302 1974 ‚
1350 1920 1455 1978 qua
1495 1920 1650 1959 com-

50 1980 231 2041 motio
262 1978 532 2048 nascitnr,
578 1998 704 2037 cum
737 1982 840 2037 hae
869 1979 1032 2056 saepe
1067 1999 1097 2037 a
1141 1980 1457 2057 praegresso
1481 1980 1649 2038 ratio-

51 2060 199 2121 cinio
236 2060 428 2130 lenm,
471 2057 945 2137 iliaeplerumque
970 2058 1152 2117 subito
1181 2061 1444 2120 oriantur.

133 2139 309 2199 Prima
339 2155 521 2196 aetate
551 2138 803 2199 homines
831 2140 1106 2199 velocitate
1135 2153 1279 2199 ortus
1313 2138 1380 2207 ἐξ
1403 2143 1652 2202 interitus

52 2226 232 2284 harum
250 2222 632 2278 canuno-tionum
657 2240 851 2299 parum
869 2221 1207 2300 discrepant.
1241 2225 1460 2283 Celeres
1487 2222 1653 2282 &ef-

49 2306 235 2364 frenes
253 2318 436 2360 motus
462 2320 616 2360 mens
632 2301 909 2360 infantum
926 2302 1094 2380 capit.
1118 2303 1337 2363 Videre
1353 2350 1371 2376 ‚
1392 2305 1654 2362 ardenter

53 2402 290 2461 cupere,
312 2381 512 2457 cupitis
540 2383 755 2458 potiri,
787 2381 849 2442 ὃς
881 2382 1095 2456 satiari,
1123 2385 1267 2462 apud
1300 2384 1424 2445 illos
1440 2385 1654 2463 puncto

53 2463 317 2538 temporis
357 2460 573 2520 distant.
657 2465 741 2521 Ut
771 2480 917 2521 aetas
954 2465 1248 2541 procedit,
1288 2465 1364 2524 ita
1403 2466 1656 2523 cel-eritas

55 2540 407 2617 concipiendi
440 2538 499 2596 <Sc
525 2541 890 2619 extinguendi
917 2543 1167 2605 flammas
1199 2548 1523 2623 pierumque
1554 2546 1652 2605 mi-

56 2624 259 2684 nuitur.
289 2620 580 2691 Differunt
604 2640 744 2680 vero
766 2622 937 2681 adulti
961 2625 1216 2687 homines
1238 2624 1541 2685 affefftnum
1562 2647 1653 2684 ce-

54 2702 237 2764 leriori
264 2700 591 2759 auttardiori
613 2717 737 2759 ortu
754 2741 777 2774 ,
810 2703 1196 2776 vehementia,
1232 2705 1295 2764 ὃς
1324 2705 1653 2782 duratione,

59 2805 160 2862 pro
189 2780 404 2840 diversa
433 2782 753 2840 conditione
782 2784 1029 2860 corporis
1052 2783 1112 2844 ἃ
1139 2786 1336 2846 indolis
1362 2786 1647 2864 (tempera-

58 2865 246 2938 menti)
283 2879 492 2939 proque
523 2862 691 2920 variis
723 2864 1074 2940 phantasiae,
1110 2869 1443 2941 memoriae,
1480 2871 1653 2929 facul-

59 2948 184 3004 tatis
209 2944 394 3000 futura
427 2944 784 3019 praevidendi
824 2946 1061 3019 viribus,
1109 2967 1212 3025 pro
1241 2950 1510 3028 cujusque
1549 2951 1654 3009 sta-

58 3044 118 3086 tu
155 3023 423 3102 praesenti
459 3069 475 3094 ,
534 3044 658 3082 cum
697 3024 874 3083 aestus
915 3027 1077 3085 animi
1108 3031 1306 3106 incipit
1336 3077 1351 3101 ,
1407 3051 1515 3107 pro
1561 3049 1654 3088 ce-

55 3105 270 3167 leritate
287 3104 433 3164 varia
452 3150 466 3178 ,
488 3125 592 3184 qua
609 3151 624 3179 ‚
640 3126 777 3184 quae
794 3123 1006 3169 motum
1027 3127 1226 3191 augent
1242 3157 1258 3183 ,
1281 3129 1656 3187 concurrunt,

1468 3192 1544 3273 Q.
1569 3197 1654 3274 8.)
