2143 3848
71 252 216 311 PARS
235 243 290 303 I.'
530 233 616 295 De
653 237 785 297 Vita
809 235 996 294 Felice.
1045 232 1260 294 SEcTio
1285 233 1395 294 IV.
1445 216 1452 222 ’
1615 249 1686 313 ῃ

75 386 220 448 sunt.
303 379 412 441 His
444 377 756 441 commodis
787 377 885 436 fibi
911 375 1157 435 invicem
1188 371 1546 434 conciliandis
1578 371 1678 429 ho-

56 461 251 528 'mines
280 462 334 521 se
363 476 555 521 mutuo
596 458 850 534 adjuvare
883 457 1163 517 dicuntur.
1218 457 1488 533 Acljnvare
1513 451 1675 529 signi·

79 548 253 620 ficat,
292 544 374 617 id,
418 540 544 617 quod
580 540 782 597 viribus
815 540 1004 595 alienis
1032 536 1194 616 deest,
1223 534 1483 615 supplere.

159 625 345 702 Hujus
383 639 522 681 vero
560 618 926 696 supplementi
955 618 1248 678 admodum
1287 615 1525 674 fecunda
1559 634 1677 674 ma·

76 724 163 768 ter
215 706 295 763 est
333 701 569 762 societas
599 745 614 772 ‚
675 718 777 776 qua
825 698 1109 758 universos
1159 715 1352 759 natura
1394 695 1669 755 devinxit.

77 788 170 868 (ᾗ.
220 779 395 859 100.)
436 781 573 859 Ejus
602 779 750 839 enim
787 799 896 856 ope
933 779 1275 857 praeveniri,
1319 775 1506 849 leniri,
1555 773 1672 835 tolli
1762 787 1763 790 ’

69 865 291 947 poffunt
321 863 457 923 mala
505 861 759 937 corporis
801 859 865 920 ἃ
906 861 1106 933 animi,
1151 859 1338 937 augeri
1382 858 1670 934 utriusque

69 950 247 1018 bona,
290 941 524 1023 proinde
551 941 732 1014 effici,
767 956 831 1000 ut
854 942 967 1001 vita
991 940 1338 1000 commodius
1379 937 1442 998 ἃ
1466 940 1676 1016 jucun-

68 1027 190 1089 dius
219 1024 460 1103 defluat‚
494 1021 557 1082 &
584 1021 709 1101 post
735 1037 976 1084 mortem
1013 1022 1309 1098 profutura
1346 1036 1673 1096 comparen-

71 1125 177 1170 tur.

144 1189 233 1252 Ex
253 1187 538 1248 hominum
564 1184 810 1246 omnium
831 1229 846 1256 ,
892 1202 1019 1243 cum
1044 1185 1373 1256 nascuntur,
1404 1178 1522 1258 pari
1551 1193 1671 1240 tum

66 1270 409 1349 indigentia,
441 1285 556 1328 tum
585 1265 913 1326 conditione
933 1264 1132 1324 virium
1151 1312 1167 1337 ‚
1198 1285 1268 1324 ex
1294 1264 1412 1342 pari
1436 1260 1672 1321 societa-

67 1353 139 1411 tis
166 1350 545 1429 appetitione‚
580 1346 891 1424 colligimus
918 1360 1142 1405 naturae
1173 1345 1399 1421 scopum
1418 1387 1440 1415 ,
1462 1361 1531 1400 ne
1553 1341 1672 1419 quis

64 1451 374 1511 quenquam
406 1431 666 1491 excludat
702 1446 731 1485 a
766 1425 1053 1485 beneficiis
1083 1425 1224 1496 suiS,
1271 1443 1408 1503 quae
1448 1423 1671 1480 demum

68 1512 281 1572 homini
321 1530 421 1590 per
471 1510 750 1569 hominem
787 1506 1064 1568 obvenire
1105 1506 1306 1566 voluit.
1377 1502 1673 1565 Hactenus

70 1610 264 1652 omnes
291 1593 414 1650 sunt
449 1591 706 1666 aequales.

144 1671 415 1757 Quamvis
429 1672 574 1729 enim
593 1670 798 1729 distent
811 1667 1066 1728 homines
1083 1668 1259 1747 gradu
1278 1667 1484 1725 virium
1501 1712 1516 1735 ‚
1535 1686 1670 1744 quas

64 1770 211 1824 arte,
253 1751 534 1831 diligentia
562 1798 577 1824 ,
625 1750 889 1809 institutis
927 1750 1079 1827 ejus,
1122 1748 1211 1807 cui
1246 1747 1550 1818 intersunt,
1582 1748 1668 1803 so·

65 1832 285 1893 cietatis
326 1832 779 1911 acquisiverunt:
840 1830 898 1890 in
946 1848 1015 1899 eo
1059 1844 1245 1886 tamen
1287 1827 1669 1897 conveniunt,

63 1915 213 1992 quod
247 1913 374 1973 sunt
410 1913 665 1972 homines
692 1958 708 1984 ‚
766 1912 834 1968 ab
872 1909 1238 1968 animantibus
1280 1906 1554 1978 distineri,
1598 1905 1667 1965 ad

62 1995 214 2053 vitae
241 1992 417 2051 felicis
461 1992 670 2050 usuram
706 2009 736 2047 a
775 2003 969 2047 natura
998 2006 1192 2047 omnes
1231 1986 1492 2057 invitati,
1537 1987 1671 2045 nulli

58 2073 274 2134 viribus
298 2088 410 2132 tam
428 2071 618 2149 amplis
641 2068 915 2148 praediti,
964 2084 1024 2126 ut
1058 2069 1124 2125 ad
1156 2066 1300 2124 hanc
1327 2064 1666 2142 consequenu

58 2156 180 2214 dam
207 2152 435 2213 aliorum
463 2148 855 2212 benevolentia
890 2168 1004 2208 non
1033 2147 1355 2219 indigeant,
1385 2144 1518 2215 nulli
1555 2160 1668 2207 tam

60 2235 243 2307 firmi,
283 2251 345 2293 ut
381 2254 496 2306 non
542 2232 751 2292 morbis
802 2227 1026 2308 aliisque
1081 2227 1290 2288 casibus
1329 2226 1668 2306 quandoque

55 2333 361 2396 aequentur
386 2312 801 2374 infirn'iioribus.

91 2461 93 2463 ,
142 2397 339 2457 Sensus
371 2395 727 2455 humanitatis
757 2392 838 2472 (§.
874 2388 1042 2468 ωε.)
1083 2388 1510 2469 comprehendit
1543 2390 1665 2451 sen-

64 2478 181 2536 sum
207 2477 369 2552 hujus
398 2477 541 2554 quali
561 2477 847 2552 dignitatis
874 2474 1136 2533 hominum
1162 2473 1374 2530 nativae
1392 2516 1407 2542 ‚
1451 2470 1515 2531 &a
1541 2471 1667 2530 sen-

66 2560 181 2618 sum
218 2556 424 2613 doloris
454 2557 594 2614 acris
621 2574 690 2613 ex
718 2554 870 2614 facto
888 2597 911 2628 ,
934 2553 1085 2633 quod
1110 2554 1252 2612 hanc
1278 2552 1664 2629 aequalitatem

64 2634 350 2699 convellit.
373 2634 794 2695 Hincfremitus
817 2634 1101 2692 hominum
1118 2679 1134 2706 ,
1153 2633 1323 2711 quint
1350 2632 1666 2694 morbidum

65 2737 234 2798 pecus
267 2737 298 2775 a
341 2716 621 2775 consortio
658 2732 956 2775 arcentur:
999 2713 1129 2771 hinc
1184 2711 1478 2790 impatiens
1503 2713 1668 2792 igno-

3 2800 6 2801 ’
63 2799 263 2859 miniae
306 2795 368 2856 ἃ
412 2816 599 2856 earum
646 2794 1098 2854 criminationum
1142 2792 1389 2864 animus,
1434 2811 1667 2872 propter

64 2901 195 2960 quas
219 2878 370 2937 vitae
399 2877 793 2938 commercium
821 2893 1069 2956 negatur.
1150 2874 1308 2934 Hinc
1335 2873 1524 2934 odium
1552 2877 1664 2934 ser-

64 2982 263 3021 vorum
293 2960 548 3020 adversus
574 2958 829 3018 dominos
856 3005 871 3031 ‚
914 2957 1008 3033 qui
1042 2957 1237 3015 dicunt
1276 2970 1372 3015 aut
1414 2956 1660 3017 sentiunt

16 3131 20 3133 ‚
65 3063 192 3104 cum
219 3042 344 3106 illo:
390 3043 438 3103 O
468 3042 706 3106 demens!
745 3041 889 3103 itane
903 3038 1094 3120 servus
1113 3038 1254 3099 homo
1280 3034 1398 3118 est?

883 3204 931 3265 Ε
969 3221 1009 3276 4
1417 3199 1470 3278 ς.
1515 3202 1666 3267 cxi.
