2143 3848
453 255 570 322 132
1019 228 1107 289 De
1131 227 1263 290 Wm
1293 228 1480 292 Felice.
1843 230 2057 300 PARsL
2128 180 2131 183 Ι

458 398 580 442 tem
611 393 805 437 eorum
838 376 855 449 ᾗ
895 373 989 454 qui
1036 392 1274 454 propter
1309 390 1546 435 aetatem
1590 372 1645 433 se
1678 373 1821 451 ipsos
1867 395 2067 452 regere

458 482 578 524 non
614 457 874 540 possunt,
921 455 1031 515 effe
1087 457 1355 518 effectum
1399 455 1565 516 animi
1603 456 1837 534 benigni
1875 502 1890 527 ‚
1951 475 2068 517 non

458 541 636 605 solum
661 540 761 612 iis,
805 536 900 615 qui
928 556 1226 618 reguntur,
1268 538 1363 598 sed
1394 536 1457 599 <Sc
1487 537 1779 597 educatori
1809 537 1946 616 ipfi,
1992 537 2069 597 sa·

458 628 710 687 lutarem.

542 704 806 767 Educatio
846 698 928 758 est
959 700 1280 762 continuata
1305 700 1474 761 animi
1498 699 1748 760 intentio
1782 699 1838 759 in
1872 717 1942 757 eo
1962 698 2070 757 ela-

460 784 743 855 borantiS,
788 796 853 841 ut
885 780 1103 840 soboles
1139 782 1361 843 infirma
1395 781 1762 841 conservetur
1786 824 1804 852 ‚
1849 800 1914 839 ac
1945 799 2073 840 cor-

460 868 618 953 poris
644 864 706 924 &
736 861 902 922 animi
940 861 1151 922 viribus
1185 864 1378 936 aucta,
1423 860 1539 923 suas
1566 862 1678 940 ipsa
1708 862 1956 921 actiones
1986 879 2073 916 re-

465 949 608 1029 gulis
648 942 936 1005 felicitatis
975 945 1384 1006 convenienter
1423 963 1619 1022 regere
1654 941 1842 1004 discat.
1927 941 2070 1019 Phy-

451 1031 575 1111 fica
606 1028 722 1100 est,
767 1043 907 1104 quae
933 1044 1135 1103 corpus
1168 1044 1346 1088 curat.
1390 1024 1623 1085 Moralis
1650 1023 1851 1083 dicitur
1872 1071 1888 1097 ,
1932 1040 2074 1103 quae

463 1115 678 1175 format
705 1103 1049 1184 ingenium&
1068 1107 1368 1186 praecipue
1399 1109 1649 1166 indolem:
1671 1106 1764 1164 seu
1791 1105 2085 1182 disciplina.

461 1196 829 1255 educatorum
859 1186 921 1247 &
955 1186 1345 1265 magistrorum
1381 1188 1554 1247 aetati
1585 1188 1857 1265 impuberi
1888 1185 1949 1246 ἃ
1971 1203 2085 1264 pu<

458 1274 586 1340 beri
632 1270 917 1331 consulat:
981 1266 1073 1325 seu
1119 1268 1420 1328 adultiores
1459 1270 1526 1329 ad
1568 1267 1851 1328 consortia
1889 1264 2073 1326 homi-

461 1376 600 1421 num
646 1362 826 1410 aetate
867 1350 1125 1427 majormn
1164 1350 1373 1424 aclmiffi
1411 1350 1711 1428 praecipue
1751 1347 2073 1409 imitatione

460 1438 799 1501 formentur.
1854 1427 1858 1430 ’

544 1521 699 1576 Bene
748 1508 973 1570 educati
1021 1512 1223 1587 quique
1270 1528 1361 1567 eas
1406 1508 1683 1583 collegere
1736 1507 1925 1583 vires,
1981 1508 2084 1571 fibi

462 1601 531 1659 &
571 1594 691 1654 aliis
731 1591 896 1649 utiles
937 1605 998 1646 ut
1038 1589 1150 1646 effe
1187 1589 1415 1667 poffint.
1506 1590 1701 1647 Tanto
1747 1590 1932 1670 itaque
1961 1609 2077 1650 ma·

455 1683 555 1760 jor
595 1691 696 1752 per
738 1668 1134 1730 educationem
1178 1670 1457 1748 privatam
1501 1670 1570 1727 fit
1600 1670 1836 1730 acceffio
1884 1672 1954 1730 ad
1994 1671 2083 1731 fe-

462 1758 737 1823 licitatem
775 1749 1089 1810 educatoris
1120 1798 1137 1825 ,
1181 1767 1393 1831 quanto
1429 1749 1651 1811 felicior
1693 1750 1774 1810 est
1813 1750 1937 1827 ille,
1982 1754 2078 1832 qui

461 1842 737 1902 educatus
776 1831 897 1907 est,
940 1848 1259 1913 quantoque
1303 1833 1480 1911 major
1529 1833 1610 1892 est
1644 1851 1836 1894 eorum
1879 1835 2079 1912 copia,

463 1921 567 2004 qui
608 1915 678 1977 ab
738 1914 969 1972 homine
1027 1914 1172 1994 bene
1224 1913 1586 1973 conformato
1625 1913 1914 1974 felicitatis
1953 1915 2079 1974 suae

463 2004 561 2065 vel
601 1993 899 2076 primordia
936 1995 1028 2053 vel
1061 1993 1413 2054 firmamenta
1455 1996 1546 2054 vel
1588 2009 1884 2072 augmenta
1919 2014 2081 2075 repe-

466 2085 618 2143 tunt.

552 2159 649 2224 Ad
691 2157 803 2217 hoc
837 2153 1064 2215 difficile
1109 2173 1251 2231 opus
1284 2153 1690 2234 suspiciendum
1728 2158 1941 2217 excitat
1981 2178 2080 2235 pa-

473 2258 662 2304 rentes
706 2239 992 2318 peculiaris
1043 2237 1291 2313 quaedam
1335 2237 1573 2317 ipsisque
1620 2238 1849 2316 propria
1896 2241 2081 2316 impul-

461 2324 547 2402 ]ἶο
587 2336 828 2382 naturae.
912 2321 1154 2377 Eosdem
1199 2318 1499 2377 confirmat
1528 2319 1585 2378 in
1616 2318 1726 2376 hoc
1754 2321 2081 2397 propolim,

472 2404 539 2468 ἃ
577 2404 711 2464 alios
759 2416 820 2459 ut
862 2398 1011 2458 idern
1057 2397 1275 2458 faciant
1305 2445 1322 2472 ‚
1376 2416 1598 2477 praeter
1636 2396 2086 2475 misericordiam,

470 2507 542 2549 ac
597 2483 880 2545 caritatem
928 2499 1060 2558 erga
1117 2479 1453 2557 pupillorum
1506 2495 1816 2558 parentes,
1858 2481 2089 2541 adducit

472 2564 751 2647 cogitatio
789 2561 1091 2632 malorum,
1138 2559 1179 2618 fi
1208 2559 1521 2639 negligatur
1544 2560 1804 2622 educatio
1824 2609 1843 2638 ,
1895 2561 1957 2624 ἅ
1984 2581 2085 2622 co·

472 2651 600 2730 piae
628 2650 942 2718 bonorum,
986 2641 1027 2702 fi
1061 2640 1217 2703 recte
1243 2641 1676 2704 administretur.

509 2856 511 2859 .
549 2811 602 2890 §.
644 2807 903 2868 CLXIII.
949 2803 1014 2885 3)
1056 2807 1145 2867 Ex
1193 2804 1400 2865 asserto
1441 2802 1707 2882 superiori
1750 2805 2099 2887 (5160.)

471 2889 891 2961 concludimUS,
931 2903 1095 2947 vetus
1122 2887 1287 2947 illud:
1316 2887 1460 2944 dulce
1487 2885 1561 2964 cst
1591 2891 1847 2966 imperare
1866 2934 1883 2961 ‚
1926 2888 2085 2948 recle

475 2972 622 3043 dici,
655 2970 694 3029 fi
721 2968 816 3049 qui
862 2970 938 3028 fic
974 2968 1255 3041 sentiunt,
1295 2967 1444 3028 hanc
1488 2969 1838 3029 dulcedinem
1864 2984 2084 3048 ponant

478 3053 542 3114 in
567 3051 750 3112 studio
778 3050 1050 3110 continuo
1083 3049 1162 3110 ita
1189 3048 1382 3109 utendi
1417 3046 1633 3110 viribus
1661 3049 1796 3124 suis,
1845 3065 1907 3110 ut
1929 3050 2081 3126 adju·

472 3149 616 3208 vent
627 3152 691 3199 ac
704 3130 989 3219 feliciores
1002 3131 1286 3217 praestent
1301 3149 1465 3213 ,quos
1478 3150 1713 3213 regunt,
1733 3130 2103 3209 faciantque„

1812 3242 1816 3247 s
2007 3228 2089 3270 ne
