2143 3848
434 251 560 322 '224
697 233 784 302 De
809 236 1051 320 Legibus
1078 234 1442 302 Naturalibus
1462 240 1534 301 ad
1553 236 1736 306 Vitam
1808 247 1957 310 ‘Pus
1973 245 2057 311 Π.Ι

425 380 604 445 officii
631 380 774 441 fines
809 379 1042 460 migret,
1088 400 1203 441 non
1239 379 1409 441 audet
1446 395 1665 441 tentare
1694 426 1712 454 ‚
1771 385 1935 460 quod‘
1964 384 2049 443 vi-

426 465 571 526 tiosa
599 462 876 541 cupiditas
910 462 1265 523 confidenter
1298 462 1534 541 peragit⁴
1610 465 1791 540 Saepe
1825 465 2052 524 avaritia

424 563 523 609 aut
559 546 775 605 vanitas
811 544 1067 619 homines·
1100 543 1319 604 excivit
1346 543 1415 602 ad
1448 543 1705 603 facinora
1738 542 2052 615 splendida,

424 634 582 689 certe
614 625 836 705 publice
879 625 1060 686 utilia:
1108 626 1287 685 veluti
1325 626 1640 703 exemplum
1656 622 2053 704 superstitionis·

424 712 502 771 ob
523 710 811 770 avaritiam
840 722 1167 785 oppugnatae
1193 708 1250 766 in
1272 707 1411 765 libro
1429 707 1500 766 de
1531 709 1649 766 Nat
1697 706 1860 766 Deor.
1884 724 2044 783 prae·

424 794 526 854 bet
567 795 836 852 emmo:
886 792 972 866 qui
1000 787 1159 867 nostri
1194 789 1393 865 quidem
1427 791 1732 866 publicani,
1777 789 1889 859 ait,
1931 806 2046 845 cum

423 872 585 951 efflent
612 874 734 949 agri
760 873 816 928 in
840 873 1060 930 Boeotia
1088 874 1315 929 Deorum
1344 871 1712 928 immortalium
1737 871 1941 946 excepti
1972 870 2048 926 le-

419 976 489 1034 ge
541 952 812 1032 Censoria,
857 964 1121 1030 negarunt
1159 951 1478 1011 immortales
1502 948 1598 1030 qffe
1625 953 1781 1028 ullos,
1825 953 1908 1027 qui
1939 951 2042 1009 ali·
2110 1006 2116 1021 ,

423 1039 622 1117 quando
646 1037 876 1097 homines
895 1032 1149 1113 fuzffimt.
1831 1094 1833 1096 ,
2011 1066 2014 1067 ⁷

506 1123 727 1181 Verum
755 1138 869 1177 non
902 1115 1056 1176 deest
1077 1161 1093 1187 ‚
1137 1114 1285 1194 quod
1327 1114 1395 1175 ad
1426 1113 1564 1175 haec
1587 1129 1914 1195 argumenta
1955 1132 2040 1173 re-

418 1201 661 1263 fellenda
690 1199 927 1258 dicatur.
995 1196 1053 1257 Si
1098 1195 1263 1255 semel
1296 1218 1351 1256 v.
1385 1216 1435 1256 c,
1466 1196 1620 1255 cives
1662 1197 1724 1258 ἀ
1755 1196 2042 1274 magistra·

418 1300 512 1344 tus
550 1281 884 1361 religionem
930 1278 1099 1339 animi
1135 1277 1430 1350 exuerint3
1476 1277 1538 1339 ἅ
1574 1276 1748 1338 flocci
1795 1292 2040 1356 putent,

416 1368 507 1445 jus
535 1367 625 1424 vel
664 1365 791 1422 suae
829 1362 920 1420 vel
947 1359 1158 1439 publici
1194 1358 1556 1419 emolumenti
1597 1359 1758 1419 causa
1792 1359 2036 1419 violare:

418 1466 555 1507 num
581 1445 695 1504 sese
722 1444 865 1503 intra
887 1442 1120 1520 exiguos
1152 1441 1312 1501 unius
1336 1441 1571 1518 injuriae
1606 1441 1871 1502 terminos
1896 1459 2036 1499 con-

419 1528 684 1588 tinebunt
706 1527 736 1584 ‚9
778 1526 971 1582 Frenis
1010 1523 1172 1580 semel
1204 1522 1399 1580 laxatis
1444 1543 1499 1581 v.
1528 1542 1578 1581 c.
1611 1520 1961 1597 magistratus
1980 1520 2038 1581 in

416 1607 747 1689 peregrinos
793 1603 984 1682 injusti
1020 1621 1135 1660 non
1175 1602 1540 1673 erubescent,
1572 1602 1664 1680 jus
1695 1601 1846 1660 inter
1877 1601 2035 1661 cives

416 1705 641 1771 quoque
682 1703 1044 1766 pervertere3
1088 1703 1203 1762 quo
1234 1682 1386 1743 fatto
1423 1682 1852 1745 fundamentum
1893 1683 2037 1748 civi·

422 1771 588 1844 tatis,
632 1769 690 1828 in
723 1769 865 1847 juris
911 1767 1058 1826 inter
1110 1765 1263 1825 cives
1313 1766 1712 1844 aequabilitate
1753 1764 2032 1842 politum,

414 1852 796 1912 concutietur.
844 1850 902 1908 Si
928 1846 1127 1927 religio
1164 1847 1228 1907 fit
1256 1846 1472 1922 irrisui,
1492 1846 1554 1909 <St
1579 1846 1806 1907 virtutis
1835 1846 2041 1925 pudeat

421 1935 577 1995 cives
595 1934 905 2013 horumque
918 1931 1166 1991 rectores
1185 1949 1198 1989 :
1219 1929 1349 2017 quid
1372 1930 1595 1989 tandem
1610 1975 1626 2002 ‚
1647 1929 1740 2007 spe
1756 1927 2033 2006 praemio·

417 2036 540 2075 rum
566 2017 654 2076 vel
676 2014 1024 2092 impunitatis
1040 2011 1360 2092 propolim,
1404 2031 1519 2072 non
1551 2009 1778 2070 audebit
1813 2029 2027 2086 procax

414 2097 646 2158 licentia
662 2098 690 2154 ἶ)
711 2098 851 2155 Non
868 2111 1025 2153 erant
1043 2092 1311 2171 allegandi
1339 2092 1436 2152 soli
1452 2139 1465 2157 ,
1488 2091 1726 2152 effectus
1754 2089 2029 2150 vitiorum

417 2177 741 2257 quibusdam
775 2175 1093 2235 hominibus
1123 2194 1235 2232 non
1265 2172 1479 2233 vitiosis
1506 2172 1701 2243 utileS‚
1730 2171 1933 2230 omiffis
1963 2171 2028 2230 il-

416 2261 514 2331 lis,
551 2257 645 2336 qui
670 2257 995 2315 societatem
1024 2257 1174 2313 lente
1209 2254 1496 2314 emaciant.
1538 2276 1592 2315 v.
1624 2273 1672 2314 e.
1706 2252 1897 2311 Luxus
1927 2256 2026 2312 im·

415 2341 712 2400 moderatus
736 2338 902 2398 aucto
934 2355 1286 2396 nummorum
1322 2335 1557 2396 circuitu
1585 2334 1772 2394 multis
1797 2334 2024 2394 alimen-

414 2439 477 2481 ta
498 2424 759 2500 praebet:
806 2419 898 2478 sed
931 2418 1085 2477 simul
1117 2417 1405 2476 fraudibus
1445 2417 1768 2494 magnisque
1809 2416 2025 2475 incom-

412 2503 630 2575 modiS,
673 2503 763 2560 vel
787 2502 853 2558 ab
886 2499 1118 2569 inertia,
1163 2500 1251 2556 vel
1279 2518 1309 2556 a
1330 2498 1604 2576 pecuniae
1635 2496 2031 2557 conficiendae

412 2584 722 2662 cupiditate
778 2580 1046 2658 prosectis
1093 2579 1284 2656 implet
1334 2578 1645 2640 civitatem.
1714 2577 1808 2657 (ᾗ.
1853 2576 2030 2656 150.)

410 2664 670 2728 Ambitio
701 2662 925 2722 effrenis
955 2663 993 2721 fi
1024 2662 1244 2741 quando
1272 2662 1541 2740 populum
1575 2660 1894 2721 discrimine
1926 2679 2026 2720 ex-

412 2746 661 2827 pedivit:
698 2761 836 2825 quot
874 2763 989 2803 non
1027 2744 1227 2806 contra
1269 2743 1529 2822 periculis
1556 2762 1728 2821 regna
1753 2741 1814 2801 ὅ(
1846 2761 2027 2820 popu-

413 2831 498 2889 los
525 2829 727 2887 liberos
760 2825 1106 2904 implicavit,
1144 2841 1283 2904 quot
1324 2824 1596 2885 institutis
1639 2823 1928 2884 sumtuoiis
1962 2820 2027 2882 &

412 2909 735 2981 inutilibu8‚
789 2925 927 2985 quot
971 2907 1120 2966 malis
1154 2909 1221 2966 ab
1256 2905 1632 2967 obstinatione
1672 2904 1735 2965 ἅ
1763 2904 2026 2964 affectata

414 2989 615 3050 erroris
661 2989 838 3049 omnis
874 2989 1229 3048 immunitate
1252 2987 1408 3049 ortis,
1455 2989 1660 3049 Virtus
1678 3030 1700 3062 ,
1743 3005 1875 3046 vera
1905 2987 2023 3044 vir·

413 3089 541 3147 tuS‚
582 3071 664 3133 est
702 3071 986 3136 fruuuosa
1025 3069 1254 3133 cuilibet
1293 3069 1476 3157 parti,
1524 3088 1664 3151 ergo
1689 3067 1752 3136 ὃς
1799 3066 1908 3126 toti
1935 3067 2024 3126 so·

412 3153 534 3219 tati.
983 3178 987 3182 -
2012 3183 2015 3185 Α

1726 3233 1775 3318 §.
1809 3223 2029 3295 CCLIL
