2143 3848
105 258 248 316 PARS
277 252 322 312 I.
562 247 648 306 De
686 243 817 304 Vzca
858 243 1045 302 Felico.
1087 241 1300 301 Sssc‘tro
1327 238 1434 300 IV.
1628 258 1703 317 75

188 389 376 452 Nimis
410 386 783 465 superstitioso
817 400 1004 443 autem
1030 381 1192 460 ipsius
1227 381 1380 441 cuitu
1405 395 1577 458 aeque
1606 397 1706 454 pe-

105 474 177 533 rit
203 471 378 550 gfatia
405 467 809 528 consortiorum
837 464 1214 538 familiarium,
1253 482 1318 520 ac
1350 459 1607 520 dissoluto
1636 456 1701 518 ὃς

112 545 375 613 affeftato
405 550 525 627 ejus
551 545 826 622 neglecfftu.
884 547 1162 622 Perpetua
1177 545 1322 604 enim
1352 539 1664 600 sollicitudo
1683 586 1702 611 ,

109 656 181 695 ne
207 651 368 711 quem
399 627 779 704 imprudenter
817 625 1142 696 offendant,
1186 625 1383 703 fatigat
1409 620 1668 679 homines
1689 667 1708 694 ,

106 715 202 794 qui
224 723 458 781 coeunt,
501 727 613 767 non
643 722 888 780 recreat,
935 705 1365 766 &momentum
1405 702 1710 778 temporis,

108 815 217 872 quo
236 790 512 850 discedere
542 786 801 866 possunt,
844 787 1098 846 ardenter
1124 787 1413 865 exspec'i‘are
1435 830 1450 856 ,
1475 781 1709 861 majori-

105 893 211 952 que
233 872 287 930 in
316 870 504 951 pretio
530 869 736 928 habere
761 870 918 947 cogit
937 914 952 941 ‚
973 889 1130 948 quam
1166 889 1275 946 quo
1304 878 1710 926 convenerunt.

187 953 340 1014 Mira
386 953 571 1030 legum
623 950 813 1009 decori
864 949 945 1008 est
982 949 1215 1009 varietas
1271 947 1331 1008 ἅ
1376 944 1712 1004 viciffitudo.

105 1039 292 1100 Datur
332 1049 517 1092 tamen
563 1029 858 1090 discrimen
918 1033 1159 1088 naturale
1197 1032 1349 1108 ejuS‚
1397 1026 1544 1105 quod
1585 1044 1716 1103 pru-¹

105 1119 304 1176 denter
345 1109 712 1175 constitutum
761 1108 842 1169 est
871 1157 888 1184 ‚
948 1113 1014 1169 ab
1073 1130 1142 1168 eo
1168 1158 1185 1182 ,
1250 1108 1392 1191 quod
1445 1107 1603 1165 secus
1643 1110 1714 1164 'se

106 1198 302 1258 habet:
345 1195 600 1274 adeoque
642 1193 842 1251 dantur
884 1190 946 1250 ὅ(
991 1193 1246 1268 regulae,
1288 1189 1484 1269 quibus
1528 1185 1717 1266 gustus

106 1279 162 1339 in
206 1296 276 1337 eo
314 1273 672 1354 dijudicando
711 1285 978 1349 corruptus
1022 1292 1056 1329 a
1094 1270 1231 1348 sano
1288 1271 1708 1344 internoscitun>

187 1357 499 1419 Perfestum
520 1356 732 1435 quippe
745 1353 829 1413 est
845 1402 859 1427 ‚
879 1354 1030 1433 quod
1045 1353 1191 1410 finis
1185 1373 1256 1411 uo
1272 1351 1594 1426 respondet.
1623 1349 1718 1408 Fi-

110 1441 191 1501 nis
211 1439 291 1498 est
306 1436 734 1518 perturbationis
750 1482 767 1508 ‚
786 1435 989 1509 taedii,
1013 1450 1332 1493 contemtus
1351 1474 1371 1504 ,
1393 1429 1613 1509 odiique
1630 1429 1716 1489 su-

111 1519 216 1580 biti
245 1520 300 1577 in
329 1517 621 1576 consortiis
650 1516 714 1575 ⁴&
745 1517 958 1575 circulis
991 1515 1248 1575 evitatio,
1335 1512 1721 1596 Quam-obrem

111 1601 275 1672 illud,
318 1599 474 1677 cujus
499 1595 743 1655 custodia
770 1595 1053 1655 minimam
1089 1596 1256 1654 habet
1285 1591 1623 1667 molestiam,
1655 1591 1720 1651 δε

111 1681 349 1741 violatio
371 1678 658 1737 maximam
676 1723 691 1750 ,
718 1676 814 1735 fini
842 1677 941 1735 suo
957 1676 1273 1751 respondet.
1302 1677 1565 1749 Recepta
1584 1693 1722 1731 con-

113 1758 438 1820 versationis
471 1759 613 1816 ratio
632 1805 646 1830 ,
692 1776 832 1835 quae
861 1756 988 1815 huic
1018 1756 1118 1813 fini
1146 1756 1306 1814 vaide
1332 1754 1392 1814 ἃς
1420 1752 1719 1811 manifesto

115 1856 419 1920 repugnat,
462 1840 612 1899 reete
642 1853 877 1897 vocatur
911 1838 1165 1911 ridicula,
1209 1836 1400 1916 estque
1423 1835 1590 1893 decori
1617 1854 1718 1893 no-

110 1941 261 1984 mine
308 1939 550 1997 indigna.

191 2002 365 2059 Decor
395 2000 483 2058 est
497 1998 731 2057 facilitas
760 1997 1021 2075 acquisita
1054 1997 1109 2055 in
1135 1997 1442 2056 a&ionibus
1464 1997 1722 2074 corporis

113 2086 141 2159 (
158 2085 313 2144 vultu
342 2123 364 2153 ,
403 2080 598 2156 gestu,
642 2098 787 2137 voce
811 2125 826 2147 ‚
870 2078 1162 2149 sermone,
1209 2077 1418 2136 incessu
1448 2124 1464 2151 ‚
1510 2076 1719 2136 vestitu

111 2164 266 2239 ἃς.)
308 2164 455 2239 leges
492 2160 679 2218 decori
717 2160 792 2217 ita
829 2159 1128 2230 servandi,
1173 2176 1231 2215 ut
1262 2160 1403 2217 nulia
1432 2158 1724 2218 affeehtio

109 2263 201 2307 aut
241 2242 373 2303 artis
411 2241 706 2319 vestigium
746 2258 1024 2318 appareat.
1123 2240 1309 2298 Placet
1344 2261 1357 2300 :
1419 2239 1716 2318 conjungit

109 2327 340 2386 animos,
430 2321 715 2407 Quidquid
747 2342 889 2381 vero
920 2322 1217 2399 conjungit
1247 2320 1544 2394 iiomineS,
1587 2319 1718 2379 illud

113 2423 280 2485 auget
312 2403 494 2462 causas
519 2422 774 2460 verarum
801 2403 1152 2478 voluptatum
1174 2449 1187 2472 ‚
1219 2400 1307 2481 (g.
1340 2402 1517 2479 roo.)
1549 2402 1718 2461 adeo-

114 2506 218 2565 que
245 2483 504 2544 felicitati
535 2481 953 2559 amplificandae
977 2482 1224 2542 inservit.
1255 2482 1345 2561 (ἓξ.
1389 2502 1477 2544 10.
1495 2487 1524 2558 )

194 2645 248 2724 §.
294 2644 503 2704 CXVI.
547 2642 835 2700 Secundmn
849 2640 1130 2718 societatis
1159 2643 1600 2703 emolumentum
1640 2645 1721 2705 est

114 2748 295 2788 rerum
339 2723 400 2784 ὃς
435 2742 721 2801 operatum
749 2770 765 2796 ,
809 2742 1037 2802 quarum
1069 2726 1508 2785 commutatione
1546 2727 1724 2785 homi-

117 2828 215 2870 nes
265 2820 434 2885 egent
462 2849 479 2876 ‚
525 2805 938 2864 commercium.
972 2804 1061 2884 (ᾗ.
1112 2805 1290 2884 112.)
1349 2808 1490 2866 Non
1536 2808 1720 2882 omnia

115 2891 229 2950 fert
269 2888 448 2946 omnis
488 2887 662 2946 telius,
746 2887 879 2944 Nec
914 2884 1012 2945 fibi
1053 2887 1284 2965 quisque
1318 2887 1415 2946 soli
1453 2888 1513 2949 in
1560 2890 1724 2948 ¹nonis

119 2968 365 3030 externis
396 2967 420 3046 (
438 2965 486 3044 §.
519 2970 657 3045 63.)
701 2966 1081 3044 comparandis
1111 2967 1332 3029 sufficit.
1398 2971 1721 3029 Communi-

58 3068 61 3069 ’
118 3052 339 3112 catione
370 3048 553 3126 itaque
590 3067 879 3126 operarum
913 3046 973 3106 &a
1014 3068 1196 3109 rerum
1232 3051 1400 3109 homo
1432 3052 1723 3111 hominem

18 3158 27 3162 ·
115 3131 300 3196 reddit
323 3129 664 3204 feliciorem,
695 3123 811 3192 six'Je
833 3130 919 3191 iiia
951 3128 1016 3191 sit
1040 3129 1308 3211 gratuita,
1336 3132 1451 3194 five
1471 3152 1582 3212 pro
1616 3151 1720 3204 eo,

1579 3213 1726 3290 quod
