2143 3848
85 191 230 304 Pisas
247 240 292 301 Ι.
530 235 616 295 De
644 236 778 295 Vita
808 235 991 294 Felice.
1035 233 1252 294 Sncrio
1269 232 1379 292 IV.
1623 233 1701 300 69

83 398 253 437 cuum
282 425 298 452 ‚
353 392 612 436 corruere
630 379 895 452 principia
934 373 1001 440 ἐξ
1044 369 1385 447 conclusiones
1423 364 1689 439 Hobhefii‚

89 459 365 538 (§.102.)
402 456 584 536 Quare
602 455 655 511 id
674 455 1121 531 investigandum
1144 455 1261 526 est,
1291 468 1448 529 quam
1480 447 1693 504 homiui

85 545 231 598 viam
269 541 538 597 monstret
567 538 916 611 experIenti'a,
960 534 1268 605 efficiendi,
1311 548 1369 587 ut
1401 526 1687 585 societatis

84 619 149 680 <Sc
176 618 422 695 potiatur
462 613 762 687 fruciibiis,
807 614 871 673 ἃ
897 615 1175 675 molestias
1205 614 1343 672 vitet
1374 610 1462 668 vel
1482 608 1689 667 elevet.

165 701 258 756 llla
295 713 481 755 autem
511 696 713 770 docet,
758 696 888 753 duas
933 697 1049 754 vias
1096 694 1222 753 iniri
1251 691 1406 770 poffe
1448 688 1511 748 ἃ
1549 689 1686 746 sole-

82 797 179 850 τες
222 779 443 836 alteram
469 822 484 849 ,
542 795 669 834 cum
717 776 839 856 quis
874 777 928 834 se
973 778 1145 835 solum
1188 773 1528 851 respiciens,
1587 767 1688 826 sibi

82 857 293 917 servire
343 859 516 930 alios,
576 877 687 916 nou
732 874 913 916 autern
962 857 1078 916 aliis
1129 855 1332 934 absque
1384 849 1686 911 commodo

81 937 180 997 suo
224 955 457 998 externo
487 938 773 1016 prodesse,
821 938 910 996 sed
945 940 1070 996 suae
1099 934 1350 996 utilitatis
1393 932 1544 991 causa
1582 951 1682 988 no-

84 1019 252 1078 cuiffe
286 1021 529 1097 gaudet3
575 1019 836 1092 alteram,
881 1039 1008 1076 cum
1045 1017 1164 1094 quis
1199 1031 1402 1085 cavet,
1460 1031 1531 1070 ne
1569 1011 1687 1070 cui-

84 1120 246 1178 quam
275 1118 507 1169 noceat,
545 1099 798 1175 prodeffe
837 1099 1041 1174 gaudet
1083 1095 1360 1155 omnibus.
1447 1096 1589 1152 Utra
1621 1092 1687 1150 sit

80 1184 255 1253 rebla,
301 1201 371 1240 ex
402 1181 678 1260 effebtihzts
704 1178 994 1239 concludit
1022 1176 1184 1237 ratio„
1232 1176 1325 1254 (ᾗ.
1372 1172 1508 1254 38.)
1553 1175 1687 1233 Hos

81 1262 266 1347 itaque
301 1263 668 1349 dispiciemus

158 1426 207 1506 §.
257 1427 593 1488 CIX.Haud
615 1427 758 1485 bene
786 1423 1231 1496 esthominibUS‚
1268 1421 1329 1501 Ι)
1366 1421 1458 1501 qui
1486 1416 1689 1479 {ibivi-

87 1527 246 1568 vunt.
291 1509 373 1566 Hi
401 1509 531 1564 alios
550 1554 565 1579 ‚
606 1507 804 1585 quibus
835 1527 975 1583 opus
997 1525 1107 1565 non
1129 1507 1333 1563 habent
1354 1551 1367 1578 ,
1397 1501 1690 1581 negligunt

89 1603 347 1667 tanquam
377 1587 620 1664 fungOS,
665 1606 760 1643 eos
791 1606 963 1657 vero,
1009 1587 1207 1663 quibus
1247 1584 1326 1642 usi
1355 1585 1507 1656 sunt,
1553 1580 1688 1655 abji—

90 1667 279 1738 ciunt,
337 1684 398 1726 ut
438 1667 631 1743 scopas
679 1667 914 1724 solemus
961 1664 1085 1742 post
1126 1665 1298 1725 usum.
1380 1665 1546 1740 Pejus
1588 1660 1689 1717 sibi

87 1748 163 1807 illi
210 1748 499 1808 consulunt
544 1746 642 1825 2),
686 1746 777 1823 qui
811 1746 948 1804 mala
977 1744 1215 1803 studiose
1250 1743 1364 1801 aliis
1409 1743 1694 1812 inferunt,

88 1830 182 1890 vel
207 1830 462 1909 quoniam
494 1827 891 1904 cupiditatibus
934 1825 1040 1884 suis
1081 1844 1178 1882 eos
1215 1824 1431 1882 obstare
1458 1822 1688 1888 vident,

85 1927 180 1971 aut
213 1909 447 1968 obfuiffe
466 1909 685 1978 dolent,
723 1907 811 1963 vel
837 1904 961 1982 quia
989 1905 1158 1962 suave
1188 1920 1415 1980 putant,
1444 1901 1691 1980 quietem

85 1994 148 2052 δέ
181 1989 509 2047 hilaritatem
536 1988 760 2044 alienam
786 1984 1144 2060 perturbasse,

167 2072 351 2152 Quam
381 2067 473 2146 qui
496 2083 690 2125 tenent
722 2066 874 2125 vitae
902 2065 1182 2122 rationem
1203 2082 1219 2133 3
1239 2062 1326 2121 vel
1354 2059 1559 2119 summa
1584 2060 1695 2118 cal-

87 2156 290 2214 liditate
323 2168 458 2226 opus
491 2148 694 2206 habent
714 2194 728 2219 ,
777 2146 869 2204 vel
911 2145 967 2203 vi
996 2165 1060 2202 ac
1088 2157 1260 2202 metu:
1301 2143 1395 2199 illa
1418 2188 1434 2213 ,
1477 2158 1539 2200 ut
1568 2161 1695 2198 cre-

86 2238 251 2305 dant,
295 2230 387 2309 qui
423 2229 779 2304 decipiuntur
809 2273 824 2298 ‚
884 2226 938 2284 se
980 2226 1127 2285 suam
1171 2243 1290 2282 rem
1325 2241 1521 2301 agere,
1565 2242 1693 2280 eum

88 2311 490 2391 decipientibus
530 2309 822 2379 serviunt3
865 2308 996 2376 hae,
1041 2327 1112 2364 nc
1141 2305 1236 2384 qui
1267 2320 1531 2381 poterant
1555 2302 1689 2361 resi·-

88 2398 262 2466 stere‚
305 2391 507 2460 ausint,
554 2409 697 2448 neve
726 2391 816 2466 qui
844 2389 1053 2454 ausint,
1097 2387 1317 2465 possint.

173 2476 253 2531 At
277 2490 411 2529 vero
439 2472 704 2526 calliditas
729 2472 924 2526 deteffba
954 2468 1260 2526 vehemens
1294 2464 1481 2522 odium
1510 2463 1694 2540 parit,

101 2560 269 2617 latens
319 2569 551 2608 amaram
605 2552 934 2625 plenamque
987 2545 1374 2605 sollicitudinis
1433 2546 1694 2622 volupta-

93 2657 231 2697 tem.
314 2633 522 2689 Contra
559 2631 861 2706 benignitas
882 2629 1105 2704 prudens
1135 2645 1203 2683 eo
1234 2640 1354 2683 tuta
1397 2625 1694 2683 contendit

94 2718 250 2777 recto
290 2712 532 2784 itinere,
577 2732 688 2790 quo
720 2727 813 2767 aut
843 2709 1074 2768 omnino
1101 2726 1246 2778 non,
1290 2721 1383 2764 aut
1423 2724 1536 2765 non
1584 2705 1700 2763 sine

94 2815 294 2875 magno
323 2791 665 2864 discrimine,
710 2792 936 2861 labore,
982 2789 1204 2858 taediO,
1249 2801 1403 2844 metu
1446 2786 1570 2844 mali
1612 2785 1699 2843 fu-

94 2880 240 2949 turi,
275 2875 364 2932 vel
391 2874 539 2947 ejuS,
585 2872 734 2951 quod
770 2871 1016 2929 secutum
1040 2870 1119 2928 est
1140 2916 1155 2941 ‚
1184 2868 1339 2929 sensu
1372 2867 1697 2940 acerbiore,

94 2978 195 3041 per
223 2954 530 3024 anfractus,
557 2952 854 3030 perveniat·
882 2951 1166 3009 calliditas.

178 3040 385 3114 Neque
425 3034 688 3094 tutiorem
727 3035 869 3093 viam
912 3033 1327 3109 ingrediuntur,
1370 3028 1463 3108 qui
1497 3031 1600 3088 vim
1640 3025 1705 3087 ἅτ

100 3136 342 3185 terrorem
384 3115 668 3176 adhibent.
767 3113 957 3175 Metui
1002 3112 1093 3189 qui
1133 3113 1306 3186 vult,
1359 3109 1561 3171 metuit
1618 3108 1709 3165 iile

984 3194 1032 3252 E
1075 3212 1105 3274 3
1525 3190 1676 3268 prius
1691 3234 1712 3264 ‚
