2143 3848
75 240 220 301 'Pius
247 238 323 299 Π.
494 235 713 296 Felicem
737 235 1054 300 ducentibus.
1087 216 1300 302 Ssscrio
1325 216 1416 303 12³
1560 255 1679 322 197·

70 375 238 434 solum
266 389 534 452 pugnaret
558 395 686 433 cum
705 375 1058 452 perfectione
1078 379 1268 438 summi
1301 379 1626 460 legislatoris
1640 430 1658 457 ‚

55 454 164 532 qui
197 455 333 514 nihil
381 455 475 514 nifi
512 467 706 512 certum
753 456 1002 532 cogitare
1044 475 1137 515 aut
1174 460 1394 520 efficere
1434 463 1657 539 potest,

69 534 160 613 (ᾗ.
209 543 276 600 18
286 534 384 612 ς)
446 535 538 594 sed
603 538 763 592 etiam
818 549 1032 594 eventus
1083 540 1333 599 divinitus
1395 545 1658 601 ordinatos

70 629 456 674 transmutaret
497 616 551 670 in
563 611 846 689 fortuitos-g
925 617 1085 675 Nihil
1117 638 1256 678 vero
1293 623 1517 694 evenit,
1559 639 1666 682 aut*

66 696 295 754 evenire
321 695 378 753 in
398 695 604 751 mundo
628 694 816 770 potest
833 741 848 766 ,
869 698 1015 772 quod
1032 744 1047 769 ‚
1068 716 1330 778 quantum
1346 703 1411 761 ad
1431 704 1617 762 Deum
1634 749 1654 776 ,

63 775 176 834 dici
207 773 502 834 fortuitum
530 775 714 851 poffit.
759 775 848 854 (ᾗ.
898 780 1071 856 175.)
1554 812 1557 813 ν

93 923 96 925 ,
146 853 397 913 Tandem
426 853 713 926 sistatua3‚
746 857 856 916 effe
875 875 991 916 eam
1019 860 1195 938 legem
1226 861 1530 935 incertam,
1565 865 1656 924 su·-

48 952 213 994 -mere
262 934 480 1012 pofl'eS‚
525 935 761 995 effefitus
801 938 1083 999 afflonum
1122 942 1420 1004 liberarum
1470 949 1653 1004 bonos

57 1016 339 1093 malosque
379 1014 489 1074 effe
520 1015 739 1093 quidem
765 1036 869 1096 per
900 1019 953 1076 se
985 1037 1203 1094 certOS,
1239 1023 1325 1101 (§.
1376 1025 1510 1102 62.)
1554 1025 1648 1085 sed

57 1097 123 1154 ab
152 1094 380 1154 homine
407 1112 587 1172 neque
602 1095 756 1154 sensu
774 1143 788 1168 ‚
821 1117 1002 1177 neque
1030 1102 1256 1160 rationis
1274 1105 1476 1164 viribus
1492 1148 1514 1179 ,
1532 1122 1652 1168 tan-

57 1194 215 1257 quam
237 1192 420 1234 certos
446 1174 681 1252 intelligi
698 1176 871 1252 posse.
915 1181 995 1236 At
1017 1198 1155 1237 vero
1178 1182 1493 1246 hominibus
1509 1208 1648 1248 con-

58 1256 227 1334 tingit
253 1255 481 1314 facultas
495 1297 517 1328 ,
542 1274 611 1314 ex
646 1256 922 1314 constanti
953 1259 1342 1320 observatione
1369 1264 1540 1325 nexus
1564 1273 1651 1327 in-

55 1353 142 1394 ter
163 1336 403 1396 afflones
433 1334 493 1396 <Sc
517 1354 706 1395 earum
738 1337 972 1397 effefflus
1006 1340 1299 1416 colligendi
1333 1343 1524 1404 seriem
1553 1368 1643 1405 re·

55 1418 306 1495 gularum
335 1417 405 1475 de
433 1418 607 1476 modo
641 1416 806 1476 unice
834 1418 1067 1495 possibili
1095 1421 1402 1496 efficiendi,
1447 1443 1508 1484 ut
1548 1447 1649 1503 per

58 1496 344 1555 definitam
376 1497 643 1578 quandam
657 1499 928 1557 afflonum
945 1500 1160 1561 suarum
1192 1502 1498 1565 reditionem
1517 1508 1644 1567 suae

54 1577 284 1655 quisque
333 1576 630 1635 inserviant
672 1576 947 1637 felicitati.
1044 1582 1198 1657 Ergo
1237 1585 1384 1642 cadit
1435 1587 1494 1645 in
1543 1589 1644 1646 ho-

54 1658 229 1716 mines
264 1671 418 1716 certa
443 1657 630 1735 legum
655 1658 907 1718 Naturae
938 1660 1210 1737 cognitio,
1257 1662 1347 1749 (ᾗ
1389 1684 1505 1740 40,
1546 1688 1647 1741 41.

53 1743 233 1815 217·>

86 1921 93 1925 ‘
128 1901 183 1981 ᾗ.
228 1898 538 1963 CCXXIII.
585 1876 759 1981 Leges
790 1908 1057 1966 naturales
1070 1906 1204 1985 sunt
1242 1911 1518 1969 evidentes.
1563 1912 1640 1970 E·

50 1981 334 2042 videntiae
358 1986 690 2043 vocabulum
715 1989 953 2062 primum
981 2010 1085 2065 pro
1117 1993 1288 2065 gradu
1315 1995 1540 2048 maximo
1568 1994 1648 2049 [ιι-

53 2067 129 2121 cis
172 2061 473 2138 accipitur,
517 2083 678 2141 quem
719 2085 872 2124 mens
913 2069 969 2124 in
1020 2068 1076 2126 se
1116 2071 1234 2146 ipsa
1270 2072 1401 2129 oriri
1440 2071 1642 2144 sentit,

53 2163 180 2201 cum
211 2141 504 2201 veritatem
540 2144 805 2222 aliquam,
851 2145 1198 2227 pluriumque
1219 2150 1466 2209 idearum
1502 2151 1643 2212 invi-

51 2242 175 2282 cem
226 2223 543 2283 collatarum
605 2243 700 2284 aut
741 2228 1202 2308 conjunfitionem
1246 2250 1338 2289 aut
1381 2232 1645 2293 differen-

48 2303 181 2362 tiam
223 2305 544 2380 cognoscit,
590 2305 704 2365 hoc
743 2307 822 2366 est
848 2355 864 2380 ‚
921 2308 1206 2387 distinguit
1249 2311 1311 2371 <St
1351 2312 1449 2371 sibi
1487 2313 1668 2374 indm·

48 2383 276 2442 bitatam
307 2403 570 2459 apparere
600 2387 780 2448 sentit.
826 2391 964 2449 Hoc
987 2389 1141 2449 sensu
1181 2392 1358 2453 omnis
1387 2408 1531 2452 cerm
1566 2416 1647 2454 co-

50 2465 218 2538 gnitio
264 2461 413 2518 simul
466 2464 547 2521 est
594 2468 848 2522 evidens:
909 2469 1255 2546 summusque
1302 2474 1647 2534 certitudinis

50 2543 251 2622 gradus
294 2543 594 2616 appellatur
612 2547 872 2602 evidentia
900 2549 1288 2611 mathematica.
1633 2587 1636 2589 ·

131 2620 354 2680 Deinde
388 2622 579 2679 eadem
611 2643 727 2681 vox
755 2625 1078 2703 intelligitur
1107 2631 1176 2686 de
1202 2634 1467 2689 celeritate
1488 2678 1503 2704 ‚
1540 2655 1645 2714 qua

49 2721 206 2761 mens
246 2700 384 2758 illam
427 2704 765 2780 cognitionis
810 2706 985 2763 lucem
1032 2708 1341 2789 assequitur,
1431 2717 1650 2781 Gradus

50 2783 225 2859 major
254 2782 508 2841 minorve
537 2785 809 2843 tarditatis
838 2785 893 2843 in
925 2787 1024 2845 hac
1045 2790 1167 2846 luce
1195 2791 1499 2853 assumenda
1522 2817 1652 2873 par-

52 2863 149 2920 tim
192 2881 224 2919 a
274 2865 434 2919 rebus
474 2863 752 2939 proficisci
794 2866 1022 2944 potest,
1064 2888 1291 2945 quarum
1334 2877 1651 2952 cognitioni

50 2942 434 3022 adipiscendae
461 2963 612 3002 mens
648 2962 837 3018 vacat,
874 2949 1078 3022 partim
1100 2969 1129 3007 a
1151 2951 1466 3015 differentia
1496 2957 1652 3035 inge*

50 3022 270 3082 nimum
303 3023 522 3093 nativa,
566 3025 654 3081 vel
697 3045 789 3099 ea,-
817 3047 976 3106 quam
1023 3031 1288 3095 educatio
1321 3053 1414 3096 aut
1453 3038 1648 3098 adine-

47 3101 217 3170 {aritio
244 3101 543 3187 longinqua
575 3104 960 3169 efformarunt.

930 3189 1074 3270 ΝΒ
1470 3155 1654 3261 'Le-
