2143 3848
405 252 490 316 70
974 232 1062 293 De
1102 228 1236 291 Vita
1270 230 1457 329 Falz'ce.
1797 241 1946 302 Pus
1989 242 2035 305 Ι.

406 386 594 471 prim,
636 382 750 442 imo
779 385 970 460 magi&
1015 382 1101 442 Ex
1131 381 1520 463 magnitudine
1551 382 1820 456 terroris,
1867 403 2036 463 quem
2112 395 2143 431 N

420 468 544 546 quis
568 465 684 524 aliis
714 464 970 524 incutere
1010 462 1228 539 studet,
1272 464 1428 524 recte
1468 462 1785 525 aestimatur
1825 466 2039 544 magni-

415 549 560 607 tudo
598 545 816 604 timoris
846 592 862 619 ‚
919 565 1032 623 quo
1075 545 1193 624 ipse
1235 561 1482 625 urgetur.
1571 547 1867 606 'I'rssmuus
1902 550 2036 606 dum

415 631 641 689 Romae
673 627 842 697 furit,
885 629 1139 705 Capreae
1169 628 1431 705 trepidat.
1476 629 1659 712 Quem
1687 628 1852 702 latet,
1893 629 2040 687 Dio-

402 711 630 790 nysium
664 724 999 787 tyrannum,
1037 709 1229 767 cultros
1252 722 1564 768 metuentem
1591 707 1872 789 tonsorios,
1907 728 2034 770 can·

416 792 564 856 denti
589 793 809 854 carbone
833 787 943 866 fibi
975 787 1213 867 adzffffi
1245 792 1488 870 capillum
1525 792 1554 850 ἶ)

496 873 758 950 Denique
786 871 1019 945 malitia,
1061 872 1159 933 seu
1184 872 1243 933 vi
1278 872 1373 932 seu
1404 873 1538 932 dolo
1566 890 1775 934 nocere
1801 870 2037 951 gestiat,

417 954 502 1016 est
544 955 706 1032 plena
747 951 1105 1014 acrimoniae.
1193 955 1348 1013 Dum
1398 953 1582 1029 facit,
1621 970 1681 1014 ut
1719 956 1938 1032 sanguis
1980 951 2043 1012 ἃ

417 1037 632 1099 animus
668 1034 958 1094 coacescat
984 1082 1000 1109 ‚
1042 1053 1298 1113 magnam
1328 1051 1544 1112 partem
1585 1036 1791 1095 veneni
1819 1035 1902 1094 sui
1929 1032 2042 1112 ipsa

421 1117 581 1180 bibit.
671 1118 743 1176 Se
792 1116 973 1194 ipsum
1011 1117 1166 1175 rodit
1209 1117 1464 1191 invidus,
1521 1117 1577 1177 se
1626 1117 1790 1195 punit
1837 1116 2043 1187 durus,

418 1217 725 1277 arrogans,
780 1196 896 1260 &o
942 1196 1264 1276 Benignitas
1310 1197 1392 1257 est
1426 1198 1689 1278 perennis
1729 1197 1862 1258 fons
1904 1196 2043 1256 hila-

421 1297 626 1345 utatis.

504 1360 678 1422 Ratio
707 1358 904 1420 videns
939 1360 1085 1420 hanc
1113 1360 1532 1440 copulationem
1575 1361 1874 1422 naturalem
1909 1358 2048 1418 effe·

421 1445 615 1505 &uum
664 1460 736 1500 ex
781 1458 1021 1521 utroque
1057 1442 1207 1501 vitae
1243 1461 1456 1520 genere
1499 1442 1841 1502 nascentium
1863 1487 1878 1513 ‚
1912 1459 2048 1499 con-

421 1524 630 1588 cludit:
664 1540 785 1580 eam
799 1522 1073 1581 divinitus
1101 1523 1213 1582 effe
1242 1522 1608 1580 constitutam
1627 1563 1647 1595 ‚
1673 1522 1919 1597 proinde
1946 1521 2050 1579 im-

421 1605 761 1668 mutabilem.
824 1603 914 1682 (ss
947 1600 1087 1678 31.)
1150 1601 1259 1659 Cui
1309 1602 1649 1679 consequens
1691 1600 1805 1674 est,
1854 1617 1917 1660 ut
1955 1616 2053 1660 aut

419 1683 721 1747 carendum
751 1684 968 1743 homini
1008 1682 1075 1740 fit
1106 1680 1398 1741 uberrimis
1436 1681 1505 1741 ac'
1527 1680 1845 1742 dulciffimis
1880 1682 2049 1743 socie*

418 1766 554 1827 tatis
591 1763 906 1835 fructibus,
946 1778 1041 1822 aut
1084 1761 1280 1837 unica,
1333 1782 1473 1842 quae
1506 1764 1573 1823 ad
1605 1783 1705 1822 eos
1740 1763 2052 1843 carpendos

421 1845 610 1919 ducit,
640 1844 731 1904 via
763 1845 831 1904 fit
868 1843 1262 1922 ingredienda,
1306 1863 1511 1924 nempe
1537 1860 1601 1909 ut
1633 1844 1842 1907 animus
1876 1844 2047 1908 finces

422 1951 485 1998 ra
514 1947 651 2005 erga
693 1925 830 1989 alios
853 1927 1030 1986 caleat
1058 1925 1474 1987 benevolentia.

503 2087 555 2168 §.
597 2088 715 2149 CX.
764 2087 873 2146 His
905 2084 1304 2164 praestru6ti8‚
1347 2088 1568 2149 necess'e
1595 2090 1676 2151 est
1694 2083 1808 2166 ,ut
1835 2093 2047 2151 emolu·

422 2185 613 2234 menta
640 2167 789 2246 ipsa,
834 2186 974 2247 quae
1006 2187 1078 2226 ex
1102 2167 1371 2228 societate
1386 2171 2051 2247 nascuntur,accuratius
2120 2169 2127 2180 “

419 2252 832 2334 persequamur.
917 2249 1009 2308 Ac
1044 2248 1281 2326 primum
1314 2250 1542 2330 quidem
1573 2272 1636 2312 ea
1666 2254 1926 2313 hocloco
1954 2274 2050 2333 ag-

422 2333 775 2413 grediemur,
820 2350 961 2411 quae
987 2330 1190 2410 finguli
1232 2333 1455 2409 poffunt
1488 2354 1686 2413 capere
1713 2354 1786 2394 ex
1814 2334 2050 2412 societa-

422 2430 475 2483 ῑῖε
513 2413 813 2480 commoda
852 2412 1051 2471 deinde
1095 2414 1325 2471 Sermone
1353 2415 1420 2475 V.
1455 2434 1803 2495 exponemus
1830 2463 1846 2490 ,
1876 2437 2051 2494 quan·

420 2514 544 2557 turn
595 2494 834 2556 viciffim
882 2491 1208 2572 fingulorzmz
1255 2496 1506 2572 interfit,
1564 2500 1711 2557 bona
1766 2496 2052 2557 societatis

421 2578 694 2640 humanae
730 2575 835 2635 suis
877 2577 1090 2636 viribus
1125 2595 1349 2653 augere,
1389 2580 1672 2658 hujusque
1713 2577 2050 2639 stabiliorem

422 2675 521 2720 aut
569 2656 890 2719 uberiorem
923 2657 1361 2737 prosperitatem
1394 2661 1503 2726 suis
1547 2660 1713 2723 etiam
1741 2660 2052 2725 detrimen·

417 2742 494 2805 tis
535 2740 828 2800 redimere.

504 2822 847 2895 Commoda,
893 2841 1032 2899 quae
1058 2841 1130 2883 ex
1158 2823 1429 2884 societate
1464 2822 1522 2884 in
1572 2823 1816 2902 singulos
1844 2824 2045 2885 redun-

423 2903 589 2977 dant,
635 2902 762 2962 sunt
787 2904 974 2982 causae
1004 2925 1243 2965 verarum
1268 2906 1621 2982 voluptatum,
1654 2905 1918 2972 Sefflone
1934 2909 2038 2968 Hs.
2065 2903 2109 2923 '⁹

420 3000 811 3049 enumeratae:
860 3006 991 3064 quas
1021 2986 1220 3070 finguli
1249 3002 1343 3046 aut
1378 2989 1434 3046 in
1462 2987 1756 3051 solitudine
1777 3035 1795 3062 ,
1841 3005 1934 3048 aut
1963 2989 2045 3048 ei-

417 3080 507 3133 tra
549 3064 849 3126 arctiorem
897 3087 1024 3127 cum
1063 3068 1178 3129 aliis
1227 3068 1682 3144 conjunfflonem
1714 3114 1736 3143 9
1796 3072 1884 3129 vel
1927 3089 2043 3129 non

413 3167 589 3240 aeque
615 3150 792 3227 bene,
836 3149 927 3215 vel
965 3149 1200 3217 omnino
1237 3169 1388 3223 non,
1435 3150 1533 3215 fibi
1561 3171 1888 3236 comparare
1913 3171 2044 3240 pm⁰

1893 3242 2041 3295 lunt.
