2143 3848
399 271 514 324 212
657 248 744 311 De
774 245 1013 325 Legibus
1038 239 1400 306 Naturalibus
1425 238 1498 301 ad
1508 234 1694 301 Vitam
1772 245 1919 306 PARS
1939 237 2026 304 112

409 413 631 466 rerum,
665 407 806 470 quae
839 388 1149 459 docentur,
1202 381 1454 463 cognitio
1500 381 1698 441 clarior
1743 377 1807 439 ὅτ
1837 380 2024 440 effica-

415 477 539 537 cior
573 469 912 552 acquiritur,
942 486 1008 526 ac
1056 467 1127 525 de
1182 464 1344 525 factis
1387 463 1479 523 vel
1517 463 1624 522 suis
1673 462 1763 521 vel
1805 458 2030 531 alienis,

420 556 585 619 bonis
616 569 709 614 aut
746 549 938 624 maliS,
979 546 1255 628 promtius
1294 545 1358 607 ἄ
1390 545 1596 605 certius
1620 539 1913 624 judicandi
1945 538 2031 598 fa-

422 640 599 699 cultas
628 646 996 710 comparatur.

505 720 731 802 Quanto
757 711 946 772 fructu
971 709 1211 790 praestet
1240 707 1364 768 talis
1393 707 1594 769 Ethica
1612 753 1627 782 ,
1671 705 1699 787 <
1714 702 2027 784 Systemati-

422 803 527 880 ca)
560 800 659 861 illis
695 793 961 875 doctrinis
980 840 996 866 ,
1023 812 1162 873 quae
1191 790 1357 851 instar
1389 790 1684 850 insularum
1708 789 1859 847 nullo
1888 803 2034 864 pon-

424 901 486 944 te
521 880 827 959 junctarum
846 875 991 934 haud
1016 875 1353 943 cohaerent3
1398 869 1663 929 historiae
1687 864 2032 947 philosophi-

426 984 526 1026 cae
570 977 855 1036 utcunque
901 955 1141 1033 peritum
1187 954 1324 1011 latet
1359 950 1658 1010 neminem.
1743 953 1809 1007 ln
1841 945 2037 1025 primis

428 1067 501 1106 ex
538 1064 650 1124 quo
678 1041 760 1100 illa
790 1039 855 1098 acl
893 1037 1341 1095 Matlzematicum
1383 1035 1604 1110 rigorem
1645 1028 1860 1089 inflecti
1904 1044 2035 1086 coe·

427 1129 545 1208 pit:
591 1124 653 1186 δε
679 1120 969 1202 pauciores
1011 1119 1068 1176 in
1106 1114 1541 1194 disquisitionem
1585 1113 1856 1183 veniunt,
1901 1125 2041 1187 quos

428 1223 640 1269 vocant
660 1253 674 1278 ,
707 1202 856 1282 casus
875 1198 1252 1278 conscientiae,
1277 1195 1337 1256 &
1357 1195 1450 1275 qui
1474 1192 1711 1254 veniunt
1730 1239 1745 1265 ‚
1765 1210 1890 1250 cum
1908 1190 2040 1248 olim

429 1291 756 1351 viderentur
795 1281 1209 1360 inexplicabiles
1241 1323 1258 1351 ,
1299 1276 1513 1335 facilius
1542 1274 1848 1334 solvuntur.
1907 1268 2044 1328 Infi-

429 1372 580 1432 nitae
619 1368 766 1426 enim
798 1362 1145 1443 quaestiones
1176 1360 1415 1419 debono
1436 1355 1498 1417 ὃ(
1522 1356 1668 1414 malo
1700 1355 1757 1414 in
1787 1354 1906 1413 vita
1937 1350 2046 1409 ho-

428 1451 644 1513 minum
663 1459 967 1506 occurrunt
993 1458 1232 1521 propter
1247 1438 1492 1499 infinitas
1515 1435 1892 1505 differentia3‚
1914 1450 2046 1510 quas

432 1548 728 1610 tempora,
770 1529 928 1595 loca,
964 1523 1235 1601 personae
1266 1518 1535 1578 efficiunt.
1584 1515 1871 1598 Quocirca
1907 1511 2045 1570 artis

433 1614 518 1673 est
541 1658 556 1682 ,
590 1611 669 1668 ita
691 1604 1033 1667 connectere
1059 1602 1214 1661 vitae
1246 1596 1670 1677 praeceptiones
1695 1643 1710 1669 ‚
1748 1610 1807 1653 ut
1838 1595 1932 1652 has
1961 1592 2047 1651 in-

433 1690 717 1769 telligenti
751 1686 915 1745 facile
957 1682 1054 1756 fit,
1095 1680 1341 1752 facium,
1389 1678 1538 1758 quod
1563 1675 1937 1759 proponitur,
1978 1672 2046 1734 ad

437 1774 588 1836 suam
621 1769 884 1852 quodque
925 1765 1172 1846 regulam
1212 1761 1444 1822 referre.

515 1938 567 2019 §.
614 1929 1043 1996 CCXXXVIII.
1105 1927 1348 2013 Qcart0‚
1395 1944 1523 1984 cum
1555 1923 1773 1983 fructus
1807 1921 2053 1983 Ethicae

437 2040 556 2081 :non
588 2019 645 2076 in
688 2016 799 2075 sola
828 2013 1306 2088 contemplatione
1333 2007 1486 2078 veri,
1532 2006 1625 2064 sed
1651 2004 1952 2082 praecipue
1993 2004 2053 2063 in

438 2099 661 2160 actione
684 2097 750 2155 fit
775 2093 1020 2173 posi-tus:
1067 2090 1161 2170 (§.
1212 2108 1343 2162 152.
1390 2087 1570 2164 232.)
1614 2104 1683 2141 eo
1727 2087 1898 2143 modo
1946 2100 2054 2143 tra-

445 2180 627 2241 denda
654 2177 920 2237 videntur
942 2186 1243 2249 praecepta
1284 2168 1520 2245 singula,
1552 2181 1615 2224 ut
1633 2164 1865 2225 effectus
1881 2165 2055 2224 actio·

446 2282 582 2324 num
613 2262 789 2318 bonos
834 2252 895 2314 ἃ
935 2253 1105 2312 malos
1147 2251 1379 2330 quisque
1408 2249 1608 2306 habeat
1636 2262 1766 2304 ante
1816 2248 2046 2317 oculOS,

449 2360 620 2419 atque
648 2341 785 2398 adeo
820 2335 1134 2412 regularum
1174 2331 1467 2390 utilitatem
1499 2347 1613 2386 non
1638 2328 1812 2386 solum
1850 2328 2060 2385 intelli·

454 2443 627 2502 gere,
670 2419 765 2479 sed
801 2416 863 2476 ὅ(
891 2414 1085 2490 fhntire
1116 2413 1300 2491 poffit.
1372 2411 1492 2470 Hic
1506 2407 1696 2486 sensus
1722 2410 2059 2485 obligationis

454 2505 547 2585 (ᾗ.
572 2500 748 2579 216.)
784 2516 1004 2557 omnem
1044 2493 1423 2553 doctrinarum
1460 2491 1640 2550 veluti
1674 2490 1905 2549 chorum
1934 2508 2061 2567 per-

450 2603 633 2665 petuo
658 2580 978 2641 comitetur.
1012 2577 1146 2654 Ejus
1171 2574 1320 2635 enim
1345 2572 1565 2645 sensus,
1586 2569 1642 2630 in
1667 2573 1891 2630 alteram
1917 2569 2064 2649 quast

450 2684 704 2725 naturam
741 2661 1006 2742 paulatim·
1056 2654 1339 2727 traducti,
1400 2654 1458 2713 vi
1502 2654 1723 2712 occulta
1763 2652 1824 2713 ὃ(
1867 2671 2063 2729 magna

454 2748 732 2817 efficitur·‚
775 2759 837 2802 ut
867 2759 1023 2801 mens
1052 2741 1227 2798 robur
1265 2735 1450 2815 capiat
1493 2734 1796 2813 sapientiae
1834 2735 2065 2814 plenum

454 2830 518 2888 ἃ
549 2826 797 2888 virtutis·

535 2991 584 3072 ᾗ,
632 2987 998 3049 CCXXXIX.
1084 2982 1479 3047 concludimus
1525 2996 1596 3037 ex
1637 2975 1833 3052 (11ξί13,
1875 2979 2059 3051 basin,

450 3071 816 3162 qua-Etuicae
851 3066 1125 3145 perfectio
1159 3066 1251 3145 (ᾗ.
1296 3059 1481 3143 232.)
1523 3059 1752 3130 nititur,
1799 3059 1908 3119 ess'e
1930 3080 2063 3118 con·

448 3171 790 3220 'venientiam
821 3165 1249 3232 praeceptorum
1282 3166 1407 3208 cum
1440 3157 1668 3216 natura,
1697 3160 1769 3201 ex
1797 3162 1900 3220 qua
1931 3159 2067 3200 con-

1974 3235 2075 3279 VC·
