<?xml version="1.0" encoding="UTF-8"?>
<!DOCTYPE html PUBLIC "-//W3C//DTD XHTML 1.0 Transitional//EN"
    "http://www.w3.org/TR/xhtml1/DTD/xhtml1-transitional.dtd">
<html xmlns="http://www.w3.org/1999/xhtml" xml:lang="en" lang="en">
 <head>
  <title>
</title>
<meta http-equiv="Content-Type" content="text/html;charset=utf-8" />
  <meta name='ocr-system' content='tesseract 3.04.00' />
  <meta name='ocr-capabilities' content='ocr_page ocr_carea ocr_par ocr_line ocrx_word'/>
</head>
<body>
  <div class='ocr_page' id='page_1' title='image "./fundamentajurisp00pest_0188.png"; bbox 0 0 2143 3848; ppageno 0'>
   <div class='ocr_carea' id='block_1_1' title="bbox 463 237 2080 310">
    <p class='ocr_par' dir='ltr' id='par_1_1' title="bbox 463 237 2080 310">
     <span class='ocr_line' id='line_1_1' title="bbox 463 237 2080 310; baseline 0.006 -14"><span class='ocrx_word' id='word_1_1' title='bbox 463 248 576 310; x_wconf 85' lang='lat'>180</span> <span class='ocrx_word' id='word_1_2' title='bbox 1042 237 1129 299; x_wconf 79' lang='lat' dir='ltr'>De</span> <span class='ocrx_word' id='word_1_3' title='bbox 1152 237 1285 299; x_wconf 74' lang='lat' dir='ltr'>Vita</span> <span class='ocrx_word' id='word_1_4' title='bbox 1316 237 1503 299; x_wconf 76' lang='lat' dir='ltr'>Felice.</span> <span class='ocrx_word' id='word_1_5' title='bbox 1871 247 2080 307; x_wconf 62' lang='lat' dir='ltr'><strong>PARSI.</strong></span> 
     </span>
    </p>
   </div>
   <div class='ocr_carea' id='block_1_2' title="bbox 459 377 2140 3147">
    <p class='ocr_par' dir='ltr' id='par_1_2' title="bbox 459 377 2140 1202">
     <span class='ocr_line' id='line_1_2' title="bbox 467 377 2082 458; baseline -0.003 -12"><span class='ocrx_word' id='word_1_6' title='bbox 467 389 600 449; x_wconf 84' lang='lat' dir='ltr'>dere</span> <span class='ocrx_word' id='word_1_7' title='bbox 617 433 632 458; x_wconf 87' lang='lat'>,</span> <span class='ocrx_word' id='word_1_8' title='bbox 651 402 722 444; x_wconf 83' lang='lat' dir='ltr'>ex</span> <span class='ocrx_word' id='word_1_9' title='bbox 738 382 803 442; x_wconf 88' lang='lat' dir='ltr'>iis</span> <span class='ocrx_word' id='word_1_10' title='bbox 826 383 1050 443; x_wconf 79' lang='lat' dir='ltr'><em>ordinem</em></span> <span class='ocrx_word' id='word_1_11' title='bbox 1066 389 1287 443; x_wconf 61' lang='lat' dir='ltr'>natarae</span> <span class='ocrx_word' id='word_1_12' title='bbox 1302 380 1678 443; x_wconf 75' lang='lat' dir='ltr'><em>immutabilem</em></span> <span class='ocrx_word' id='word_1_13' title='bbox 1697 381 1717 453; x_wconf 79' lang='lat'>‚&#39;</span> <span class='ocrx_word' id='word_1_14' title='bbox 1740 377 1810 447; x_wconf 57' lang='grc' dir='ltr'>ἐξ</span> <span class='ocrx_word' id='word_1_15' title='bbox 1829 384 1944 440; x_wconf 76' lang='lat' dir='ltr'>huic</span> <span class='ocrx_word' id='word_1_16' title='bbox 1963 405 2082 441; x_wconf 82' lang='lat' dir='ltr'>con·</span> 
     </span>
     <span class='ocr_line' id='line_1_3' title="bbox 459 466 2140 550; baseline -0.005 -22"><span class='ocrx_word' id='word_1_17' title='bbox 459 470 668 550; x_wconf 80' lang='lat' dir='ltr'>formes</span> <span class='ocrx_word' id='word_1_18' title='bbox 694 469 837 526; x_wconf 69' lang='lat' dir='ltr'>vitae</span> <span class='ocrx_word' id='word_1_19' title='bbox 857 467 1068 544; x_wconf 81' lang='lat' dir='ltr'>regulas</span> <span class='ocrx_word' id='word_1_20' title='bbox 1096 467 1412 537; x_wconf 82' lang='lat' dir='ltr'>conficere,</span> <span class='ocrx_word' id='word_1_21' title='bbox 1444 477 1598 525; x_wconf 76' lang='lat' dir='ltr'>notas</span> <span class='ocrx_word' id='word_1_22' title='bbox 1617 466 1736 521; x_wconf 84' lang='lat' dir='ltr'>boni</span> <span class='ocrx_word' id='word_1_23' title='bbox 1762 466 1983 540; x_wconf 73' lang='lat' dir='ltr'>malique</span> <span class='ocrx_word' id='word_1_24' title='bbox 1999 485 2080 522; x_wconf 84' lang='lat' dir='ltr'>co·</span> <span class='ocrx_word' id='word_1_25' title='bbox 2137 516 2140 519; x_wconf 17' lang='grc' dir='ltr'><strong>Α</strong></span> 
     </span>
     <span class='ocr_line' id='line_1_4' title="bbox 470 545 2088 630; baseline -0.003 -22"><span class='ocrx_word' id='word_1_26' title='bbox 470 548 746 630; x_wconf 78' lang='lat' dir='ltr'><em>gnoscere,</em></span> <span class='ocrx_word' id='word_1_27' title='bbox 793 568 857 606; x_wconf 86' lang='lat' dir='ltr'>ac</span> <span class='ocrx_word' id='word_1_28' title='bbox 885 551 1062 607; x_wconf 87' lang='lat' dir='ltr'>vitare</span> <span class='ocrx_word' id='word_1_29' title='bbox 1084 545 1391 625; x_wconf 81' lang='lat' dir='ltr'><em>fallacias,</em></span> <span class='ocrx_word' id='word_1_30' title='bbox 1424 565 1564 626; x_wconf 81' lang='lat' dir='ltr'>quae</span> <span class='ocrx_word' id='word_1_31' title='bbox 1590 545 1648 604; x_wconf 86' lang='lat' dir='ltr'>in</span> <span class='ocrx_word' id='word_1_32' title='bbox 1679 547 1874 604; x_wconf 70' lang='lat' dir='ltr'>talibus</span> <span class='ocrx_word' id='word_1_33' title='bbox 1904 547 2088 603; x_wconf 67' lang='lat' dir='ltr'>obs-er-</span> 
     </span>
     <span class='ocr_line' id='line_1_5' title="bbox 477 626 2087 708; baseline -0.004 -16"><span class='ocrx_word' id='word_1_34' title='bbox 477 631 800 708; x_wconf 76' lang='lat' dir='ltr'>vationibus</span> <span class='ocrx_word' id='word_1_35' title='bbox 829 626 893 688; x_wconf 70' lang='lat' dir='ltr'>&lt;Sc</span> <span class='ocrx_word' id='word_1_36' title='bbox 935 631 1383 689; x_wconf 80' lang='lat' dir='ltr'>conclufionibus</span> <span class='ocrx_word' id='word_1_37' title='bbox 1413 631 1687 705; x_wconf 83' lang='lat' dir='ltr'>obrepere</span> <span class='ocrx_word' id='word_1_38' title='bbox 1715 626 1912 688; x_wconf 84' lang='lat' dir='ltr'>solent.</span> <span class='ocrx_word' id='word_1_39' title='bbox 1964 629 2087 687; x_wconf 87' lang='lat' dir='ltr'>Has</span> 
     </span>
     <span class='ocr_line' id='line_1_6' title="bbox 470 708 2085 793; baseline -0.006 -18"><span class='ocrx_word' id='word_1_40' title='bbox 470 714 694 793; x_wconf 70' lang='lat' dir='ltr'>,regulas</span> <span class='ocrx_word' id='word_1_41' title='bbox 728 711 887 770; x_wconf 86' lang='lat' dir='ltr'>altius</span> <span class='ocrx_word' id='word_1_42' title='bbox 918 709 1158 789; x_wconf 83' lang='lat' dir='ltr'>infigent</span> <span class='ocrx_word' id='word_1_43' title='bbox 1185 713 1371 771; x_wconf 86' lang='lat' dir='ltr'>animo</span> <span class='ocrx_word' id='word_1_44' title='bbox 1399 709 1630 790; x_wconf 86' lang='lat' dir='ltr'>quisque</span> <span class='ocrx_word' id='word_1_45' title='bbox 1667 708 1766 767; x_wconf 86' lang='lat' dir='ltr'>suo</span> <span class='ocrx_word' id='word_1_46' title='bbox 1809 709 2047 785; x_wconf 79' lang='lat' dir='ltr'>juvenes</span> <span class='ocrx_word' id='word_1_47' title='bbox 2068 755 2085 780; x_wconf 92' lang='lat'>‚</span> 
     </span>
     <span class='ocr_line' id='line_1_7' title="bbox 475 789 2086 875; baseline -0.007 -19"><span class='ocrx_word' id='word_1_48' title='bbox 475 795 621 875; x_wconf 84' lang='lat' dir='ltr'>quod</span> <span class='ocrx_word' id='word_1_49' title='bbox 649 812 835 851; x_wconf 85' lang='lat' dir='ltr'>earum</span> <span class='ocrx_word' id='word_1_50' title='bbox 865 791 1197 866; x_wconf 82' lang='lat' dir='ltr'>veritatem,</span> <span class='ocrx_word' id='word_1_51' title='bbox 1230 812 1392 873; x_wconf 83' lang='lat' dir='ltr'>quarn</span> <span class='ocrx_word' id='word_1_52' title='bbox 1417 791 1683 850; x_wconf 83' lang='lat' dir='ltr'>viderunt</span> <span class='ocrx_word' id='word_1_53' title='bbox 1705 836 1721 863; x_wconf 90' lang='lat'><strong>,</strong></span> <span class='ocrx_word' id='word_1_54' title='bbox 1764 789 2048 849; x_wconf 59' lang='lat' dir='ltr'>senserant</span> <span class='ocrx_word' id='word_1_55' title='bbox 2068 835 2086 861; x_wconf 85' lang='lat'><strong>,</strong></span> 
     </span>
     <span class='ocr_line' id='line_1_8' title="bbox 474 870 2088 949; baseline -0.005 -10"><span class='ocrx_word' id='word_1_56' title='bbox 474 877 902 944; x_wconf 81' lang='lat' dir='ltr'>intellexerunt,</span> <span class='ocrx_word' id='word_1_57' title='bbox 946 892 1061 933; x_wconf 87' lang='lat' dir='ltr'>non</span> <span class='ocrx_word' id='word_1_58' title='bbox 1109 892 1219 933; x_wconf 87' lang='lat' dir='ltr'>tam</span> <span class='ocrx_word' id='word_1_59' title='bbox 1269 873 1506 932; x_wconf 83' lang='lat' dir='ltr'>credunt</span> <span class='ocrx_word' id='word_1_60' title='bbox 1554 870 1671 929; x_wconf 84' lang='lat' dir='ltr'>aliis</span> <span class='ocrx_word' id='word_1_61' title='bbox 1698 915 1715 941; x_wconf 90' lang='lat'>‚</span> <span class='ocrx_word' id='word_1_62' title='bbox 1773 892 1931 949; x_wconf 67' lang='lat' dir='ltr'>qnam</span> <span class='ocrx_word' id='word_1_63' title='bbox 1972 872 2088 931; x_wconf 70' lang='lat' dir='ltr'>li‘oi.</span> 
     </span>
     <span class='ocr_line' id='line_1_9' title="bbox 476 951 2090 1034; baseline -0.006 -15"><span class='ocrx_word' id='word_1_64' title='bbox 476 958 698 1019; x_wconf 81' lang='lat' dir='ltr'>Idcirco</span> <span class='ocrx_word' id='word_1_65' title='bbox 736 956 963 1034; x_wconf 77' lang='lat' dir='ltr'><em>Spartae</em></span> <span class='ocrx_word' id='word_1_66' title='bbox 985 970 1172 1033; x_wconf 77' lang='lat' dir='ltr'>patres</span> <span class='ocrx_word' id='word_1_67' title='bbox 1204 955 1396 1014; x_wconf 82' lang='lat' dir='ltr'>servos</span> <span class='ocrx_word' id='word_1_68' title='bbox 1434 951 1618 1010; x_wconf 86' lang='lat' dir='ltr'>ebrios</span> <span class='ocrx_word' id='word_1_69' title='bbox 1637 951 1822 1010; x_wconf 85' lang='lat' dir='ltr'>liberis</span> <span class='ocrx_word' id='word_1_70' title='bbox 1859 954 1964 1009; x_wconf 78' lang='lat' dir='ltr'>suis</span> <span class='ocrx_word' id='word_1_71' title='bbox 1992 971 2090 1010; x_wconf 76' lang='lat' dir='ltr'>ex·</span> 
     </span>
     <span class='ocr_line' id='line_1_10' title="bbox 483 1033 2139 1111; baseline -0.005 -10"><span class='ocrx_word' id='word_1_72' title='bbox 483 1041 780 1101; x_wconf 79' lang='lat' dir='ltr'>hibebant:</span> <span class='ocrx_word' id='word_1_73' title='bbox 814 1054 874 1097; x_wconf 86' lang='lat' dir='ltr'>ut</span> <span class='ocrx_word' id='word_1_74' title='bbox 901 1036 962 1095; x_wconf 88' lang='lat' dir='ltr'>hi</span> <span class='ocrx_word' id='word_1_75' title='bbox 988 1036 1358 1095; x_wconf 81' lang='lat' dir='ltr'>abhorrerent</span> <span class='ocrx_word' id='word_1_76' title='bbox 1383 1033 1612 1106; x_wconf 84' lang='lat' dir='ltr'>vitium,</span> <span class='ocrx_word' id='word_1_77' title='bbox 1656 1033 1812 1111; x_wconf 85' lang='lat' dir='ltr'>cujus</span> <span class='ocrx_word' id='word_1_78' title='bbox 1853 1033 2092 1093; x_wconf 51' lang='lat' dir='ltr'>effectus</span> <span class='ocrx_word' id='word_1_79' title='bbox 2138 1090 2139 1093; x_wconf 74' lang='grc'>,</span> 
     </span>
     <span class='ocr_line' id='line_1_11' title="bbox 475 1116 1571 1202; baseline -0.009 -21"><span class='ocrx_word' id='word_1_80' title='bbox 475 1119 855 1202; x_wconf 85' lang='lat' dir='ltr'>propudiosos</span> <span class='ocrx_word' id='word_1_81' title='bbox 892 1118 998 1178; x_wconf 85' lang='lat' dir='ltr'>suis</span> <span class='ocrx_word' id='word_1_82' title='bbox 1025 1118 1354 1195; x_wconf 76' lang='lat' dir='ltr'>usurparent</span> <span class='ocrx_word' id='word_1_83' title='bbox 1381 1116 1571 1175; x_wconf 76' lang='lat' dir='ltr'>oculis,</span> 
     </span>
    </p>

    <p class='ocr_par' dir='ltr' id='par_1_3' title="bbox 472 1196 2105 1845">
     <span class='ocr_line' id='line_1_12' title="bbox 551 1196 2105 1279; baseline -0.003 -17"><span class='ocrx_word' id='word_1_84' title='bbox 551 1198 1050 1279; x_wconf 82' lang='lat' dir='ltr'>Praeceptionibus</span> <span class='ocrx_word' id='word_1_85' title='bbox 1093 1215 1276 1257; x_wconf 84' lang='lat' dir='ltr'>autem</span> <span class='ocrx_word' id='word_1_86' title='bbox 1314 1197 1493 1256; x_wconf 83' lang='lat' dir='ltr'>minus</span> <span class='ocrx_word' id='word_1_87' title='bbox 1539 1196 1831 1275; x_wconf 71' lang='lat' dir='ltr'>explicatis</span> <span class='ocrx_word' id='word_1_88' title='bbox 1875 1213 1970 1257; x_wconf 80' lang='lat' dir='ltr'>aut</span> <span class='ocrx_word' id='word_1_89' title='bbox 2004 1197 2105 1257; x_wconf 74' lang='lat' dir='ltr'>in-&#39;</span> 
     </span>
     <span class='ocr_line' id='line_1_13' title="bbox 474 1278 2091 1350; baseline -0.006 -4"><span class='ocrx_word' id='word_1_90' title='bbox 474 1283 711 1346; x_wconf 69' lang='lat' dir='ltr'>tellectis</span> <span class='ocrx_word' id='word_1_91' title='bbox 738 1281 1064 1341; x_wconf 75' lang='lat' dir='ltr'>memoriam</span> <span class='ocrx_word' id='word_1_92' title='bbox 1110 1278 1387 1338; x_wconf 82' lang='lat' dir='ltr'>infantum</span> <span class='ocrx_word' id='word_1_93' title='bbox 1421 1297 1685 1350; x_wconf 86' lang='lat' dir='ltr'>onerare,</span> <span class='ocrx_word' id='word_1_94' title='bbox 1732 1281 1820 1338; x_wconf 85' lang='lat' dir='ltr'>vel</span> <span class='ocrx_word' id='word_1_95' title='bbox 1859 1279 2091 1339; x_wconf 85' lang='lat' dir='ltr'>ratioci-</span> 
     </span>
     <span class='ocr_line' id='line_1_14' title="bbox 475 1360 2095 1445; baseline -0.005 -19"><span class='ocrx_word' id='word_1_96' title='bbox 475 1367 581 1427; x_wconf 82' lang='lat' dir='ltr'><strong>niis</strong></span> <span class='ocrx_word' id='word_1_97' title='bbox 608 1365 685 1445; x_wconf 63' lang='grc' dir='ltr'>(ἃ</span> <span class='ocrx_word' id='word_1_98' title='bbox 711 1360 923 1441; x_wconf 80' lang='lat' dir='ltr'>priori)</span> <span class='ocrx_word' id='word_1_99' title='bbox 954 1362 1300 1420; x_wconf 70' lang='lat' dir='ltr'>coacervatis</span> <span class='ocrx_word' id='word_1_100' title='bbox 1316 1404 1339 1434; x_wconf 85' lang='lat'>,</span> <span class='ocrx_word' id='word_1_101' title='bbox 1375 1378 1680 1437; x_wconf 78' lang='lat' dir='ltr'>magnaque</span> <span class='ocrx_word' id='word_1_102' title='bbox 1700 1380 1824 1419; x_wconf 85' lang='lat' dir='ltr'>cum</span> <span class='ocrx_word' id='word_1_103' title='bbox 1849 1361 2095 1440; x_wconf 79' lang='lat' dir='ltr'>gravita-</span> 
     </span>
     <span class='ocr_line' id='line_1_15' title="bbox 475 1442 2088 1520; baseline -0.005 -13"><span class='ocrx_word' id='word_1_104' title='bbox 475 1467 534 1508; x_wconf 80' lang='lat' dir='ltr'>te</span> <span class='ocrx_word' id='word_1_105' title='bbox 569 1445 860 1506; x_wconf 81' lang='lat' dir='ltr'>inculcatis</span> <span class='ocrx_word' id='word_1_106' title='bbox 896 1444 1247 1520; x_wconf 76' lang='lat' dir='ltr'>impuberum</span> <span class='ocrx_word' id='word_1_107' title='bbox 1279 1457 1532 1512; x_wconf 84' lang='lat' dir='ltr'>mentes,</span> <span class='ocrx_word' id='word_1_108' title='bbox 1563 1442 1863 1498; x_wconf 72' lang='lat' dir='ltr'>diuturnae</span> <span class='ocrx_word' id='word_1_109' title='bbox 1903 1460 2088 1500; x_wconf 66' lang='lat' dir='ltr'>atten-</span> 
     </span>
     <span class='ocr_line' id='line_1_16' title="bbox 476 1521 2093 1601; baseline -0.005 -13"><span class='ocrx_word' id='word_1_110' title='bbox 476 1529 650 1588; x_wconf 83' lang='lat' dir='ltr'>tionis</span> <span class='ocrx_word' id='word_1_111' title='bbox 679 1544 806 1584; x_wconf 88' lang='lat' dir='ltr'>raro</span> <span class='ocrx_word' id='word_1_112' title='bbox 835 1542 1070 1600; x_wconf 77' lang='lat' dir='ltr'>capaces</span> <span class='ocrx_word' id='word_1_113' title='bbox 1094 1568 1109 1594; x_wconf 90' lang='lat'>‚</span> <span class='ocrx_word' id='word_1_114' title='bbox 1164 1522 1403 1598; x_wconf 83' lang='lat' dir='ltr'>fatigare</span> <span class='ocrx_word' id='word_1_115' title='bbox 1423 1567 1438 1592; x_wconf 92' lang='lat'>‚</span> <span class='ocrx_word' id='word_1_116' title='bbox 1484 1522 1794 1599; x_wconf 75' lang='lat' dir='ltr'>quanquam</span> <span class='ocrx_word' id='word_1_117' title='bbox 1825 1521 2093 1601; x_wconf 60' lang='lat' dir='ltr'>frequens</span> 
     </span>
     <span class='ocr_line' id='line_1_17' title="bbox 474 1601 2093 1681; baseline -0.004 -13"><span class='ocrx_word' id='word_1_118' title='bbox 474 1610 545 1668; x_wconf 84' lang='lat' dir='ltr'>fit</span> <span class='ocrx_word' id='word_1_119' title='bbox 588 1607 681 1666; x_wconf 83' lang='lat' dir='ltr'>via</span> <span class='ocrx_word' id='word_1_120' title='bbox 712 1651 728 1676; x_wconf 88' lang='lat'>‚</span> <span class='ocrx_word' id='word_1_121' title='bbox 785 1604 1114 1681; x_wconf 77' lang='lat' dir='ltr'>plerumque</span> <span class='ocrx_word' id='word_1_122' title='bbox 1166 1617 1358 1662; x_wconf 84' lang='lat' dir='ltr'>nocet.</span> <span class='ocrx_word' id='word_1_123' title='bbox 1399 1601 1626 1661; x_wconf 83' lang='lat' dir='ltr'>lnfirma</span> <span class='ocrx_word' id='word_1_124' title='bbox 1663 1618 1809 1661; x_wconf 87' lang='lat' dir='ltr'>aetas</span> <span class='ocrx_word' id='word_1_125' title='bbox 1850 1604 2093 1663; x_wconf 82' lang='lat' dir='ltr'>declinat</span> 
     </span>
     <span class='ocr_line' id='line_1_18' title="bbox 473 1682 2091 1767; baseline -0.002 -21"><span class='ocrx_word' id='word_1_126' title='bbox 473 1703 780 1767; x_wconf 87' lang='lat' dir='ltr'>praecepta</span> <span class='ocrx_word' id='word_1_127' title='bbox 801 1682 863 1742; x_wconf 66' lang='grc' dir='ltr'>ἃ</span> <span class='ocrx_word' id='word_1_128' title='bbox 878 1683 1161 1743; x_wconf 76' lang='lat' dir='ltr'>aversatur</span> <span class='ocrx_word' id='word_1_129' title='bbox 1178 1730 1193 1758; x_wconf 83' lang='lat'>,</span> <span class='ocrx_word' id='word_1_130' title='bbox 1215 1703 1453 1762; x_wconf 85' lang='lat' dir='ltr'>quorum</span> <span class='ocrx_word' id='word_1_131' title='bbox 1472 1683 1771 1743; x_wconf 79' lang='lat' dir='ltr'>veritatem</span> <span class='ocrx_word' id='word_1_132' title='bbox 1795 1683 1858 1744; x_wconf 70' lang='grc' dir='ltr'>δε</span> <span class='ocrx_word' id='word_1_133' title='bbox 1885 1686 2091 1744; x_wconf 81' lang='lat' dir='ltr'>utilita-</span> 
     </span>
     <span class='ocr_line' id='line_1_19' title="bbox 472 1763 2090 1845; baseline -0.005 -15"><span class='ocrx_word' id='word_1_134' title='bbox 472 1788 591 1830; x_wconf 82' lang='lat' dir='ltr'>tem</span> <span class='ocrx_word' id='word_1_135' title='bbox 609 1785 705 1827; x_wconf 82' lang='lat' dir='ltr'>aut</span> <span class='ocrx_word' id='word_1_136' title='bbox 724 1784 841 1825; x_wconf 89' lang='lat' dir='ltr'>non</span> <span class='ocrx_word' id='word_1_137' title='bbox 852 1764 1140 1844; x_wconf 80' lang='lat' dir='ltr'>experitur</span> <span class='ocrx_word' id='word_1_138' title='bbox 1159 1812 1175 1838; x_wconf 90' lang='lat'>‚</span> <span class='ocrx_word' id='word_1_139' title='bbox 1206 1780 1304 1825; x_wconf 85' lang='lat' dir='ltr'>aut</span> <span class='ocrx_word' id='word_1_140' title='bbox 1325 1763 1624 1826; x_wconf 81' lang='lat' dir='ltr'>difficulter</span> <span class='ocrx_word' id='word_1_141' title='bbox 1641 1766 2090 1845; x_wconf 78' lang='lat' dir='ltr'>comprehendit.</span> 
     </span>
    </p>

    <p class='ocr_par' dir='ltr' id='par_1_4' title="bbox 474 1849 2095 2176">
     <span class='ocr_line' id='line_1_20' title="bbox 557 1849 2090 1926; baseline -0.002 -16"><span class='ocrx_word' id='word_1_142' title='bbox 557 1849 827 1910; x_wconf 83' lang='lat' dir='ltr'>Similiter</span> <span class='ocrx_word' id='word_1_143' title='bbox 869 1865 1172 1926; x_wconf 82' lang='lat' dir='ltr'>poenarum</span> <span class='ocrx_word' id='word_1_144' title='bbox 1204 1864 1420 1906; x_wconf 85' lang='lat' dir='ltr'>terrore</span> <span class='ocrx_word' id='word_1_145' title='bbox 1461 1863 1744 1925; x_wconf 82' lang='lat' dir='ltr'>perpetuo</span> <span class='ocrx_word' id='word_1_146' title='bbox 1787 1867 1950 1908; x_wconf 80' lang='lat' dir='ltr'>rnoes</span> <span class='ocrx_word' id='word_1_147' title='bbox 1988 1849 2090 1907; x_wconf 90' lang='lat' dir='ltr'>im-</span> 
     </span>
     <span class='ocr_line' id='line_1_21' title="bbox 474 1928 2095 2014; baseline -0.001 -22"><span class='ocrx_word' id='word_1_148' title='bbox 474 1935 632 2014; x_wconf 83' lang='lat' dir='ltr'>plere</span> <span class='ocrx_word' id='word_1_149' title='bbox 672 1929 884 1991; x_wconf 87' lang='lat' dir='ltr'>animos</span> <span class='ocrx_word' id='word_1_150' title='bbox 916 1975 933 2002; x_wconf 92' lang='lat'>,</span> <span class='ocrx_word' id='word_1_151' title='bbox 991 1930 1142 1988; x_wconf 81' lang='lat' dir='ltr'>hunc</span> <span class='ocrx_word' id='word_1_152' title='bbox 1192 1928 1348 1989; x_wconf 88' lang='lat' dir='ltr'>usum</span> <span class='ocrx_word' id='word_1_153' title='bbox 1389 1928 1664 2006; x_wconf 78' lang='lat' dir='ltr'>praestat:</span> <span class='ocrx_word' id='word_1_154' title='bbox 1711 1946 1773 1990; x_wconf 90' lang='lat' dir='ltr'>ut</span> <span class='ocrx_word' id='word_1_155' title='bbox 1799 1948 2095 2009; x_wconf 66' lang='lat' dir='ltr'>praecepta</span> 
     </span>
     <span class='ocr_line' id='line_1_22' title="bbox 476 2010 2092 2087; baseline -0.001 -13"><span class='ocrx_word' id='word_1_156' title='bbox 476 2016 633 2075; x_wconf 84' lang='lat' dir='ltr'>vitae</span> <span class='ocrx_word' id='word_1_157' title='bbox 666 2014 910 2071; x_wconf 84' lang='lat' dir='ltr'>habeant</span> <span class='ocrx_word' id='word_1_158' title='bbox 946 2029 1053 2087; x_wconf 88' lang='lat' dir='ltr'>pro</span> <span class='ocrx_word' id='word_1_159' title='bbox 1092 2010 1236 2068; x_wconf 87' lang='lat' dir='ltr'>malo</span> <span class='ocrx_word' id='word_1_160' title='bbox 1278 2010 1629 2069; x_wconf 86' lang='lat' dir='ltr'>intolerando</span> <span class='ocrx_word' id='word_1_161' title='bbox 1662 2051 1683 2080; x_wconf 90' lang='lat'>‚</span> <span class='ocrx_word' id='word_1_162' title='bbox 1736 2031 1842 2086; x_wconf 90' lang='lat' dir='ltr'>pro</span> <span class='ocrx_word' id='word_1_163' title='bbox 1886 2012 2092 2072; x_wconf 71' lang='lat' dir='ltr'>sarcina</span> 
     </span>
     <span class='ocr_line' id='line_1_23' title="bbox 478 2087 1932 2176; baseline 0 -24"><span class='ocrx_word' id='word_1_164' title='bbox 478 2093 677 2176; x_wconf 79' lang='lat' dir='ltr'>gravi,</span> <span class='ocrx_word' id='word_1_165' title='bbox 718 2110 878 2169; x_wconf 85' lang='lat' dir='ltr'>quam</span> <span class='ocrx_word' id='word_1_166' title='bbox 907 2087 1179 2167; x_wconf 85' lang='lat' dir='ltr'>abjiciunt</span> <span class='ocrx_word' id='word_1_167' title='bbox 1202 2136 1218 2162; x_wconf 90' lang='lat'>‚</span> <span class='ocrx_word' id='word_1_168' title='bbox 1261 2109 1389 2148; x_wconf 82' lang='lat' dir='ltr'>cum</span> <span class='ocrx_word' id='word_1_169' title='bbox 1423 2088 1663 2168; x_wconf 83' lang='lat' dir='ltr'>primum</span> <span class='ocrx_word' id='word_1_170' title='bbox 1688 2090 1932 2167; x_wconf 81' lang='lat' dir='ltr'>poffimt.</span> 
     </span>
    </p>

    <p class='ocr_par' dir='ltr' id='par_1_5' title="bbox 472 2169 2105 3147">
     <span class='ocr_line' id='line_1_24' title="bbox 564 2169 2093 2250; baseline -0.001 -15"><span class='ocrx_word' id='word_1_171' title='bbox 564 2174 820 2235; x_wconf 84' lang='lat' dir='ltr'>Tandem</span> <span class='ocrx_word' id='word_1_172' title='bbox 859 2169 948 2229; x_wconf 87' lang='lat' dir='ltr'>vis</span> <span class='ocrx_word' id='word_1_173' title='bbox 972 2169 1218 2228; x_wconf 81' lang='lat' dir='ltr'>adhibita</span> <span class='ocrx_word' id='word_1_174' title='bbox 1251 2171 1580 2249; x_wconf 84' lang='lat' dir='ltr'>plerumque</span> <span class='ocrx_word' id='word_1_175' title='bbox 1606 2190 1720 2230; x_wconf 89' lang='lat' dir='ltr'>non</span> <span class='ocrx_word' id='word_1_176' title='bbox 1749 2173 1979 2250; x_wconf 74' lang='lat' dir='ltr'>corrigit</span> <span class='ocrx_word' id='word_1_177' title='bbox 2013 2191 2093 2233; x_wconf 81' lang='lat' dir='ltr'>te·</span> 
     </span>
     <span class='ocr_line' id='line_1_25' title="bbox 487 2251 2105 2331; baseline -0.002 -14"><span class='ocrx_word' id='word_1_178' title='bbox 487 2258 681 2319; x_wconf 83' lang='lat' dir='ltr'>nellam</span> <span class='ocrx_word' id='word_1_179' title='bbox 712 2254 997 2322; x_wconf 84' lang='lat' dir='ltr'>sobolem,</span> <span class='ocrx_word' id='word_1_180' title='bbox 1036 2251 1127 2310; x_wconf 87' lang='lat' dir='ltr'>sed</span> <span class='ocrx_word' id='word_1_181' title='bbox 1154 2267 1264 2310; x_wconf 65' lang='lat' dir='ltr'>aut‘</span> <span class='ocrx_word' id='word_1_182' title='bbox 1279 2251 1648 2324; x_wconf 82' lang='lat' dir='ltr'>callidiorem,</span> <span class='ocrx_word' id='word_1_183' title='bbox 1684 2270 1781 2312; x_wconf 79' lang='lat' dir='ltr'>aut</span> <span class='ocrx_word' id='word_1_184' title='bbox 1813 2254 2056 2315; x_wconf 82' lang='lat' dir='ltr'>timidam</span> <span class='ocrx_word' id='word_1_185' title='bbox 2074 2287 2105 2331; x_wconf 88' lang='lat'>,-</span> 
     </span>
     <span class='ocr_line' id='line_1_26' title="bbox 485 2332 2094 2412; baseline -0.001 -14"><span class='ocrx_word' id='word_1_186' title='bbox 485 2355 584 2398; x_wconf 87' lang='lat' dir='ltr'>aut</span> <span class='ocrx_word' id='word_1_187' title='bbox 626 2336 874 2395; x_wconf 84' lang='lat' dir='ltr'>ferocem</span> <span class='ocrx_word' id='word_1_188' title='bbox 909 2332 1104 2394; x_wconf 83' lang='lat' dir='ltr'>efficit.</span> <span class='ocrx_word' id='word_1_189' title='bbox 1187 2333 1438 2410; x_wconf 79' lang='lat' dir='ltr'>Expedit</span> <span class='ocrx_word' id='word_1_190' title='bbox 1475 2353 1615 2392; x_wconf 85' lang='lat' dir='ltr'>vero</span> <span class='ocrx_word' id='word_1_191' title='bbox 1647 2354 2043 2412; x_wconf 82' lang='lat' dir='ltr'>nonnunquam</span> <span class='ocrx_word' id='word_1_192' title='bbox 2068 2379 2094 2411; x_wconf 90' lang='lat'>‚</span> 
     </span>
     <span class='ocr_line' id='line_1_27' title="bbox 487 2414 2094 2498; baseline -0.001 -18"><span class='ocrx_word' id='word_1_193' title='bbox 487 2418 619 2498; x_wconf 79' lang='lat' dir='ltr'>cogi</span> <span class='ocrx_word' id='word_1_194' title='bbox 649 2437 745 2475; x_wconf 86' lang='lat' dir='ltr'>eos</span> <span class='ocrx_word' id='word_1_195' title='bbox 765 2462 779 2488; x_wconf 87' lang='lat'>‚</span> <span class='ocrx_word' id='word_1_196' title='bbox 822 2414 915 2491; x_wconf 81' lang='lat' dir='ltr'>qui</span> <span class='ocrx_word' id='word_1_197' title='bbox 943 2414 1236 2473; x_wconf 76' lang='lat' dir='ltr'>mitescere</span> <span class='ocrx_word' id='word_1_198' title='bbox 1259 2415 1483 2474; x_wconf 11' lang='lat' dir='ltr'>(nolunt.</span> <span class='ocrx_word' id='word_1_199' title='bbox 1545 2417 1767 2474; x_wconf 82' lang='lat' dir='ltr'>Doceat</span> <span class='ocrx_word' id='word_1_200' title='bbox 1791 2416 1941 2492; x_wconf 87' lang='lat' dir='ltr'>ipsos</span> <span class='ocrx_word' id='word_1_201' title='bbox 1962 2420 2094 2478; x_wconf 82' lang='lat' dir='ltr'>edu·</span> 
     </span>
     <span class='ocr_line' id='line_1_28' title="bbox 485 2494 2103 2575; baseline -0.001 -15"><span class='ocrx_word' id='word_1_202' title='bbox 485 2518 742 2561; x_wconf 80' lang='lat' dir='ltr'>catorum</span> <span class='ocrx_word' id='word_1_203' title='bbox 770 2494 1078 2573; x_wconf 77' lang='lat' dir='ltr'>indignatio</span> <span class='ocrx_word' id='word_1_204' title='bbox 1097 2541 1113 2568; x_wconf 86' lang='lat'>‚</span> <span class='ocrx_word' id='word_1_205' title='bbox 1146 2494 1393 2552; x_wconf 82' lang='lat' dir='ltr'>revereri</span> <span class='ocrx_word' id='word_1_206' title='bbox 1423 2513 1521 2553; x_wconf 88' lang='lat' dir='ltr'>eos</span> <span class='ocrx_word' id='word_1_207' title='bbox 1541 2542 1557 2569; x_wconf 89' lang='lat'>‚</span> <span class='ocrx_word' id='word_1_208' title='bbox 1582 2496 1676 2575; x_wconf 87' lang='lat' dir='ltr'>qui</span> <span class='ocrx_word' id='word_1_209' title='bbox 1704 2496 1828 2555; x_wconf 82' lang='lat' dir='ltr'>sunt</span> <span class='ocrx_word' id='word_1_210' title='bbox 1846 2496 2103 2575; x_wconf 51' lang='lat' dir='ltr'>superio-⁴</span> 
     </span>
     <span class='ocr_line' id='line_1_29' title="bbox 482 2575 2094 2653; baseline -0.001 -11"><span class='ocrx_word' id='word_1_211' title='bbox 482 2601 572 2642; x_wconf 84' lang='lat' dir='ltr'>res</span> <span class='ocrx_word' id='word_1_212' title='bbox 618 2578 826 2640; x_wconf 82' lang='lat' dir='ltr'>viribus</span> <span class='ocrx_word' id='word_1_213' title='bbox 863 2575 926 2636; x_wconf 68' lang='grc' dir='ltr'><strong>ἃ</strong></span> <span class='ocrx_word' id='word_1_214' title='bbox 960 2575 1192 2637; x_wconf 78' lang='lat' dir='ltr'>meritis,</span> <span class='ocrx_word' id='word_1_215' title='bbox 1276 2575 1584 2637; x_wconf 83' lang='lat' dir='ltr'>Dediscant</span> <span class='ocrx_word' id='word_1_216' title='bbox 1617 2577 2006 2653; x_wconf 72' lang='lat' dir='ltr'>magistrorum</span> <span class='ocrx_word' id='word_1_217' title='bbox 2031 2579 2094 2641; x_wconf 68' lang='grc' dir='ltr'>δε</span> 
     </span>
     <span class='ocr_line' id='line_1_30' title="bbox 483 2653 2095 2740; baseline -0.002 -16"><span class='ocrx_word' id='word_1_218' title='bbox 483 2666 757 2724; x_wconf 85' lang='lat' dir='ltr'>bonorum</span> <span class='ocrx_word' id='word_1_219' title='bbox 784 2658 1292 2736; x_wconf 80' lang='lat' dir='ltr'>condiscipulorum</span> <span class='ocrx_word' id='word_1_220' title='bbox 1322 2676 1615 2719; x_wconf 85' lang='lat' dir='ltr'>contemtu</span> <span class='ocrx_word' id='word_1_221' title='bbox 1638 2653 1836 2719; x_wconf 87' lang='lat' dir='ltr'>moniti</span> <span class='ocrx_word' id='word_1_222' title='bbox 1857 2703 1881 2734; x_wconf 87' lang='lat'><em>,</em></span> <span class='ocrx_word' id='word_1_223' title='bbox 1908 2661 2095 2740; x_wconf 78' lang='lat' dir='ltr'>displi-</span> 
     </span>
     <span class='ocr_line' id='line_1_31' title="bbox 485 2738 2089 2820; baseline -0.001 -17"><span class='ocrx_word' id='word_1_224' title='bbox 485 2763 618 2803; x_wconf 89' lang='lat' dir='ltr'>cere</span> <span class='ocrx_word' id='word_1_225' title='bbox 646 2742 752 2801; x_wconf 91' lang='lat' dir='ltr'>illis</span> <span class='ocrx_word' id='word_1_226' title='bbox 772 2788 786 2813; x_wconf 85' lang='lat'>,</span> <span class='ocrx_word' id='word_1_227' title='bbox 816 2761 1052 2820; x_wconf 81' lang='lat' dir='ltr'>quorum</span> <span class='ocrx_word' id='word_1_228' title='bbox 1080 2739 1277 2798; x_wconf 73' lang='lat' dir='ltr'>favore</span> <span class='ocrx_word' id='word_1_229' title='bbox 1299 2738 1442 2810; x_wconf 76' lang='lat' dir='ltr'>frui,</span> <span class='ocrx_word' id='word_1_230' title='bbox 1475 2741 1555 2800; x_wconf 82' lang='lat' dir='ltr'>est</span> <span class='ocrx_word' id='word_1_231' title='bbox 1586 2762 1673 2800; x_wconf 86' lang='lat' dir='ltr'>res</span> <span class='ocrx_word' id='word_1_232' title='bbox 1706 2743 1864 2818; x_wconf 83' lang='lat' dir='ltr'>plena</span> <span class='ocrx_word' id='word_1_233' title='bbox 1892 2742 2089 2820; x_wconf 77' lang='lat' dir='ltr'>jucun-</span> 
     </span>
     <span class='ocr_line' id='line_1_32' title="bbox 482 2822 2090 2901; baseline -0.001 -17"><span class='ocrx_word' id='word_1_234' title='bbox 482 2825 687 2885; x_wconf 80' lang='lat' dir='ltr'>ditatis,</span> <span class='ocrx_word' id='word_1_235' title='bbox 729 2824 928 2883; x_wconf 83' lang='lat' dir='ltr'>Sensus</span> <span class='ocrx_word' id='word_1_236' title='bbox 956 2841 1173 2900; x_wconf 81' lang='lat' dir='ltr'>poenae</span> <span class='ocrx_word' id='word_1_237' title='bbox 1198 2840 1364 2899; x_wconf 84' lang='lat' dir='ltr'>parce</span> <span class='ocrx_word' id='word_1_238' title='bbox 1383 2840 1446 2879; x_wconf 82' lang='lat' dir='ltr'>ac</span> <span class='ocrx_word' id='word_1_239' title='bbox 1478 2822 1812 2901; x_wconf 78' lang='lat' dir='ltr'>tempestive</span> <span class='ocrx_word' id='word_1_240' title='bbox 1846 2822 2090 2884; x_wconf 64' lang='lat' dir='ltr'>infiiftae</span> 
     </span>
     <span class='ocr_line' id='line_1_33' title="bbox 482 2903 2084 2982; baseline -0.001 -17"><span class='ocrx_word' id='word_1_241' title='bbox 482 2905 691 2980; x_wconf 81' lang='lat' dir='ltr'>faciat,</span> <span class='ocrx_word' id='word_1_242' title='bbox 732 2921 796 2964; x_wconf 88' lang='lat' dir='ltr'>ut</span> <span class='ocrx_word' id='word_1_243' title='bbox 839 2922 1056 2964; x_wconf 83' lang='lat' dir='ltr'>mature</span> <span class='ocrx_word' id='word_1_244' title='bbox 1098 2903 1445 2981; x_wconf 78' lang='lat' dir='ltr'>intelligant,</span> <span class='ocrx_word' id='word_1_245' title='bbox 1491 2905 1680 2981; x_wconf 75' lang='lat' dir='ltr'>qnanti</span> <span class='ocrx_word' id='word_1_246' title='bbox 1722 2903 1962 2982; x_wconf 81' lang='lat' dir='ltr'>ipsorum</span> <span class='ocrx_word' id='word_1_247' title='bbox 2003 2907 2084 2963; x_wconf 86' lang='lat' dir='ltr'>in-</span> 
     </span>
     <span class='ocr_line' id='line_1_34' title="bbox 481 2983 2082 3063; baseline -0.001 -18"><span class='ocrx_word' id='word_1_248' title='bbox 481 2987 637 3046; x_wconf 82' lang='lat' dir='ltr'>terfit</span> <span class='ocrx_word' id='word_1_249' title='bbox 654 3030 675 3060; x_wconf 88' lang='lat'><strong><em>,</em></strong></span> <span class='ocrx_word' id='word_1_250' title='bbox 713 3005 808 3046; x_wconf 86' lang='lat' dir='ltr'>eos</span> <span class='ocrx_word' id='word_1_251' title='bbox 836 3007 949 3046; x_wconf 91' lang='lat' dir='ltr'>non</span> <span class='ocrx_word' id='word_1_252' title='bbox 979 2985 1272 3058; x_wconf 80' lang='lat' dir='ltr'>vellicare,</span> <span class='ocrx_word' id='word_1_253' title='bbox 1307 2983 1502 3063; x_wconf 73' lang='lat' dir='ltr'>quibus</span> <span class='ocrx_word' id='word_1_254' title='bbox 1522 2986 1648 3046; x_wconf 75' lang='lat' dir='ltr'>satis</span> <span class='ocrx_word' id='word_1_255' title='bbox 1676 2987 1741 3046; x_wconf 80' lang='lat' dir='ltr'>lit</span> <span class='ocrx_word' id='word_1_256' title='bbox 1768 2986 1973 3046; x_wconf 83' lang='lat' dir='ltr'>virium</span> <span class='ocrx_word' id='word_1_257' title='bbox 2001 2985 2082 3043; x_wconf 80' lang='lat' dir='ltr'>ef-</span> 
     </span>
     <span class='ocr_line' id='line_1_35' title="bbox 472 3065 1791 3147; baseline 0.001 -15"><span class='ocrx_word' id='word_1_258' title='bbox 472 3068 742 3145; x_wconf 74' lang='lat' dir='ltr'>ficiendi,</span> <span class='ocrx_word' id='word_1_259' title='bbox 771 3084 833 3130; x_wconf 83' lang='lat' dir='ltr'>ut</span> <span class='ocrx_word' id='word_1_260' title='bbox 858 3069 1086 3147; x_wconf 77' lang='lat' dir='ltr'>impunc</span> <span class='ocrx_word' id='word_1_261' title='bbox 1126 3066 1276 3130; x_wconf 69' lang='lat' dir='ltr'>hand</span> <span class='ocrx_word' id='word_1_262' title='bbox 1315 3065 1649 3138; x_wconf 62' lang='lat' dir='ltr'>lacessantur</span> <span class='ocrx_word' id='word_1_263' title='bbox 1675 3067 1791 3133; x_wconf 70' lang='grc' dir='ltr'>ἃς.</span> 
     </span>
    </p>
   </div>
   <div class='ocr_carea' id='block_1_3' title="bbox 1796 3229 2086 3307">
    <p class='ocr_par' dir='ltr' id='par_1_6' title="bbox 1796 3229 2086 3307">
     <span class='ocr_line' id='line_1_36' title="bbox 1796 3229 2086 3307; baseline 0.014 -19"><span class='ocrx_word' id='word_1_264' title='bbox 1796 3229 1848 3307; x_wconf 71' lang='lat'>§-</span> <span class='ocrx_word' id='word_1_265' title='bbox 1894 3229 2086 3293; x_wconf 67' lang='lat' dir='ltr'>ccix,</span> 
     </span>
    </p>
   </div>
  </div>
 </body>
</html>
