2143 3848
72 220 215 295 PARS
233 216 282 284 Ῐ.
496 214 582 281 De
610 220 745 283 Vita
767 219 955 284 Felice.
997 219 1218 283 Stoi-10
1247 215 1352 281 111.
1607 228 1681 312 3i

71 378 165 439 vel
194 371 452 448 durabili,
493 372 760 454 pendent.
851 371 1056 436 Anima
1093 375 1280 455 itaque
1312 388 1385 432 ne
1421 370 1678 452 seipsam

74 460 134 520 in
167 458 263 517 usu
287 454 348 516 ἃ
373 455 734 526 incrementis
768 454 968 515 virium
997 456 1212 517 suarum
1231 496 1256 528 ,
1297 453 1361 514 ἃ
1394 453 1450 513 in
1479 473 1677 534 perce-

74 539 272 618 ptione
303 555 557 596 verarum
579 535 965 611 voluptatum,
1009 537 1306 617 impediat,
1349 555 1464 594 non
1495 536 1682 613 potest

73 641 191 682 non
215 619 274 678 in
301 636 372 675 eo
398 614 575 687 eniti,
619 629 682 674 ut
709 615 1121 695 integritatem,
1166 615 1576 689 valetudinem,
1617 614 1680 678 ἃ

76 701 222 764 vires
246 695 498 775 corporis
523 694 605 755 sui
633 696 930 758 conservet
955 716 1119 778 atque
1145 697 1464 778 amplificet.

147 862 196 944 ᾗ.
239 860 390 920 LXI.
475 858 853 943 Quamobrem
888 862 1037 923 viam
1066 861 1352 924 felicitatis
1387 860 1685 934 deserunt,'

75 948 168 1022 qui
208 960 455 1020 corpuS,
512 958 766 1020 tanquam
810 942 956 1017 vile,
1003 943 1065 1005 ἅ
1105 960 1360 1024 tanquam
1402 961 1681 1002 carcerem

75 1025 324 1095 animae,
361 1021 681 1102 negligunt,
724 1023 1017 1096 mutilant,
1061 1024 1234 1103 quive
1267 1024 1397 1084 illud
1426 1021 1680 1101 quaefitis

71 1103 402 1166 cruciatibus
425 1120 737 1178 macerant,
779 1124 895 1165 non
938 1124 1008 1164 eo
1044 1104 1272 1166 consilio
1299 1120 1394 1164 aut
1424 1103 1634 1163 eff-ean
1660 1148 1679 1175 ‚

73 1202 139 1245 ut
161 1187 279 1265 ejus
304 1184 678 1245 valetudinem
700 1203 765 1243 ac
793 1185 945 1243 vires
972 1185 1293 1259 restituant,
1318 1187 1409 1245 vel
1436 1183 1680 1251 animum

74 1270 237 1327 rebus
278 1266 469 1339 seriiS‚
513 1265 839 1346 praesertim
884 1265 1086 1325 divinis
1119 1314 1136 1341 ‚
1189 1268 1362 1345 magis
1400 1267 1677 1326 intentum

71 1349 334 1421 reddant,
376 1347 470 1408 sed
513 1363 574 1407 ut
618 1346 764 1408 vires
810 1348 1067 1427 corporis
1111 1363 1279 1427 atque
1323 1347 1487 1408 animi
1528 1348 1679 1423 stan,

74 1445 207 1507 gant
253 1429 317 1491 ὅ(
355 1428 700 1491 imminuant.

155 1511 374 1570 Nititur
402 1527 597 1571 contra
622 1511 774 1571 hunc
798 1529 1046 1572 errorem
1074 1525 1262 1571 natura
1278 1557 1294 1585 ‚
1326 1510 1562 1572 admotis
1587 1507 1682 1570 sti-

77 1590 235 1650 mulis
264 1589 625 1664 defensionis,
669 1592 872 1666 famis,
911 1593 1058 1661 fitis,
1101 1593 1163 1654 ἃ
1198 1593 1333 1671 fuga
1365 1593 1526 1653 insita
1560 1591 1681 1652 talis

81 1670 305 1731 doloris,
395 1672 635 1730 Omnem
666 1672 874 1751 quippe
903 1675 1154 1734 dolorem
1184 1675 1414 1734 naturali
1439 1674 1680 1753 impulsu

81 1751 306 1810 addueti
335 1752 676 1826 aversamur,
707 1753 913 1812 nullum
927 1771 1069 1812 vero
1097 1755 1304 1832 magi8‚
1323 1774 1485 1833 quam
1517 1773 1680 1832 quem

80 1831 244 1891 fuisse
279 1833 646 1893 voluntarium
684 1832 1039 1910 intelligimus
1068 1880 1084 1905 ‚
1125 1834 1225 1892 nili
1266 1853 1369 1893 nos
1411 1834 1684 1894 consolari

77 1914 341 1993 poffimus
371 1914 565 1973 vivida
602 1913 949 1990 cogitatione
988 1930 1085 1972 aut
1120 1914 1330 1973 doloris
1372 1917 1680 1992 gi·aviori5‚

79 1994 174 2071 qui
203 1992 327 2051 alias
351 1993 551 2051 evitari
582 2013 696 2052 non
716 1992 1018 2069 potuiffet,
1046 2010 1142 2052 aut
1161 1993 1293 2053 boni
1323 1995 1584 2071 majoris,
1611 1996 1683 2054 ad

81 2073 233 2154 quod
259 2073 702 2153 consequendum
733 2072 897 2133 unica
917 2092 1018 2153 per
1050 2074 1288 2134 eundem
1309 2073 1562 2136 dolorem
1593 2076 1684 2136 via

78 2155 320 2236 patebat.

158 2235 450 2320 Quodnam
489 2251 674 2296 autem
710 2238 918 2298 bonum
961 2239 1134 2315 majus
1166 2238 1248 2299 est
1281 2283 1304 2312 ,
1359 2240 1519 2320 cujus
1556 2238 1682 2318 spes

82 2317 401 2377 verolimilis
440 2335 748 2395 quenquam
791 2319 1071 2396 impellere
1113 2321 1341 2397 potest,
1383 2340 1445 2380 ut
1480 2341 1684 2398 corpus

79 2400 232 2458 suum
258 2397 442 2458 sanum
472 2398 535 2458 ὃς
562 2414 832 2478 vegetum
872 2402 1118 2460 laceret?
1163 2402 1376 2480 Opinio
1407 2403 1686 2463 excellenn

83 2480 236 2539 tiae?
278 2481 449 2538 Nulla
470 2479 535 2539 ‘in
559 2479 934 2539 imbecillitate
954 2480 1096 2542 inest
1115 2483 1466 2559 praestantia.
1510 2486 1684 2544 Men-

85 2577 199 2619 tem
240 2560 506 2617 obdurare
537 2562 602 2618 ad
636 2561 854 2637 quasvis
890 2562 1256 2637 acerbitates,
1299 2564 1462 2623 etiam
1499 2563 1682 2642 inopi-

83 2655 265 2711 nataS,
305 2638 582 2716 patienter
621 2640 916 2699 ferendas?
957 2643 1052 2702 Sic.-
1087 2647 1289 2703 malum
1325 2661 1541 2704 certum
1576 2665 1683 2723 pro

81 2722 299 2782 incerto
331 2718 587 2798 eligitur,
631 2719 694 2779 ἃ
722 2721 1025 2782 remedium
1051 2724 1363 2786 violentum
1390 2726 1567 2785 minus
1596 2727 1682 2786 ef-

83 2803 261 2871 ficax‚
307 2821 430 2860 cum
462 2801 777 2880 suppeteret
814 2801 1018 2865 mitius,
1099 2805 1375 2867 Sanstitas
1404 2806 1468 2868 δε
1500 2809 1680 2885 major

86 2883 227 2960 apud
264 2883 444 2941 Deum
467 2884 680 2961 gratia?
723 2883 862 2942 Non
900 2883 1086 2960 potest
1122 2905 1194 2946 eo
1219 2887 1370 2948 fasto
1390 2890 1549 2949 Deus
1575 2891 1681 2949 ho-

86 2962 294 3033 norari,
338 2965 487 3040 quod
517 2962 719 3024 divinis
769 2965 1039 3040 confilii5‚
1081 2987 1182 3044 per
1218 2969 1678 3030 constitutionem

83 3060 307 3107 naturae
328 3044 594 3110 humanae
624 3043 981 3123 fignificatis,
1024 3047 1116 3130 (S.
1169 3049 1311 3132 19.)
1349 3050 1679 3129 refragatur.

1411 3212 1462 3293 §-
1505 3213 1691 3278 Lxu
