2143 3848
87 225 232 288 PARs
269 219 344 281 11.
507 206 724 276 Felicem
747 209 1064 275 ducentibus.
1101 205 1314 271 Sam-10
1345 201 1455 270 111.·
1570 201 1695 268 221²

40 403 42 405 -
76 362 235 445 suum
268 364 522 424 meliorem
567 362 594 440 (
613 362 723 420 hoc
756 359 869 433 est,
911 375 1142 419 verorum
1179 349 1690 436 bonorums'feracz‘o-

88 451 240 524 rem)
283 446 487 505 reddere
522 440 694 520 poffl‘t.
742 441 840 520 (ᾗ.
887 438 1027 517 57.)

172 532 401 589 Horum
434 522 751 583 officiorum
789 520 888 578 alia
920 521 1030 577 aliis
1060 537 1175 578 non
1219 518 1504 581 obsistunt.

172 613 394 669 Dantur
412 604 557 663 enim
587 601 786 681 gradus
811 619 1072 658 verarum
1090 601 1443 678 voluptatum
1458 643 1478 674 ,
1506 598 1583 680 (§.
1605 590 1694 676 7.)

96 710 323 770 quarum
343 683 608 762 congerie
625 724 647 755 ,
664 680 880 739 dolores
900 679 1338 740 intervenientes
1359 679 1655 758 superante
1671 723 1692 751 ,

99 765 454 846 componitur
479 762 744 823 felicitas:
787 760 865 839 (§.
889 759 1012 839 12.)
1038 760 1250 838 ergo&
1266 762 1465 820 dantur
1488 760 1695 838 gradus

96 853 353 908 bonorum.
395 844 484 925 (Β.
512 842 649 923 10.)
697 842 812 926 Qui
842 846 985 901 bona
1006 841 1210 900 minora
1241 841 1483 919 praefert
1520 839 1699 916 majo-

97 933 250 990 ribus
274 977 289 1001 ,
332 946 526 987 revera
571 925 860 1003 optionem
891 941 1004 982 non
1034 921 1174 981 fecit
1201 923 1347 981 inter
1376 922 1487 981 duo
1513 922 1694 991 bona,

99 1012 193 1073 sed
236 1011 378 1069 inter
420 1007 477 1066 id
523 1009 759 1077 bonum,
802 1006 960 1084 cujus
1002 1003 1163 1062 electi
1203 1003 1377 1082 ipsum
1416 1019 1698 1079 nunquam

99 1092 397 1172 poenitere
433 1086 732 1164 potuiffet,
769 1085 1032 1165 quodque
1057 1086 1131 1142 ob
1162 1102 1283 1142 eam
1311 1084 1524 1143 causam
1549 1083 1701 1140 unice

98 1176 306 1235 bonurn
325 1185 475 1240 erat,
505 1165 567 1225 ἃ
597 1166 725 1224 illud
747 1212 762 1238 ,
782 1166 931 1243 quod
960 1164 1125 1241 hujus
1142 1167 1281 1221 unici
1298 1164 1426 1224 boni
1443 1165 1700 1240 adeptio-

98 1272 228 1314 nem
242 1252 552 1310 submovet.
570 1248 709 1306 Hoc
728 1245 909 1304 elefto
929 1262 1046 1303 non
1064 1242 1253 1318 potest
1268 1263 1381 1304 non
1397 1244 1545 1323 sequi
1562 1260 1699 1320 poe-

100 1333 376 1405 nitentia,
434 1331 600 1409 idque
640 1343 944 1406 propterea
994 1323 1288 1404 indignum
1325 1324 1406 1384 est
1437 1325 1569 1386 boni
1597 1343 1706 1395 n0·,

101 1415 280 1475 mine.

186 1494 411 1554 Scilicet
431 1492 487 1551 in
520 1492 899 1568 comparatione
916 1491 1009 1552 seu
1030 1490 1400 1552 contentione
1422 1491 1664 1548 bonorum
1679 1494 1707 1562 ,²

108 1595 248 1655 quae
286 1591 479 1634 natura
518 1572 666 1631 haud
704 1588 1047 1649 repugnante
1092 1587 1366 1650 expetunt
1401 1573 1653 1632 homines
1676 1611 1704 1642 ‚

108 1658 249 1715 haec
276 1656 466 1734 regula
502 1652 736 1712 tenenda
769 1652 880 1712 est:
924 1672 1026 1724 ea,
1061 1671 1200 1730 quae
1228 1652 1285 1711 in
1311 1652 1470 1710 bonis
1498 1653 1706 1710 ducen-

110 1738 179 1796 da
225 1738 349 1796 sunt
373 1783 389 1809 ‚
442 1750 708 1814 quatenus
764 1753 1028 1793 verorum
1066 1735 1341 1792 bonorum
1400 1731 1703 1811 adipiscen-

107 1819 302 1877 dorum
333 1817 455 1876 sunt
481 1814 868 1887 instrumenta,
900 1814 1106 1874 cedunt
1132 1813 1271 1888 illis,
1304 1830 1539 1892 propter
1564 1827 1705 1890 quae

106 1900 332 1958 demum
369 1897 522 1956 recte
562 1911 915 1972 expetuntur.
974 1894 1282 1954 Commoda
1322 1910 1550 1954 externa
1579 1911 1706 1950 cor-

105 1981 261 2059 poris
296 1979 357 2038 &
399 1975 566 2036 animi
601 1976 755 2034 causa
792 1977 983 2052 expeti
1026 1977 1220 2046 decet,
1262 1975 1512 2053 corporis
1555 1993 1708 2031 com·

105 2061 273 2120 moda
295 2075 529 2137 propter
559 2055 816 2114 animum.
859 2059 1057 2134 Itaque
1084 2054 1323 2115 studium
1352 2054 1589 2132 augendi
1619 2055 1712 2110 ha-

107 2142 347 2203 bilitates
373 2135 620 2214 corporis
650 2152 876 2195 eatenus
914 2137 995 2195 est
1032 2138 1240 2194 bonum
1260 2180 1276 2207 ,
1321 2152 1589 2214 quatenus
1617 2133 1710 2191 ad-

109 2222 464 2283 miniculatur
495 2216 688 2276 officio
718 2218 958 2295 augendi
985 2218 1192 2276 cultum
1222 2215 1407 2276 animi.
1472 2211 1714 2291 Corpori

111 2305 258 2362 enim
279 2303 355 2360 ita
377 2299 824 2378 prospiciendum
843 2341 865 2372 ‚
894 2318 966 2358 ne
993 2296 1270 2376 perfectio
1299 2296 1466 2355 animi
1495 2297 1583 2355 vel
1616 2315 1715 2353 ne-

119 2385 356 2460 gligatur
383 2382 472 2438 vel
504 2379 847 2454 impediatur.
935 2380 1105 2461 Quod
1139 2398 1265 2436 cum
1294 2379 1459 2436 fieret
1483 2424 1498 2448 ‚
1544 2378 1714 2434 bomo

117 2483 229 2523 non
261 2474 488 2537 augeret
516 2457 823 2534 viressuaS,
856 2461 946 2518 sed
964 2463 1018 2520 ie
1031 2459 1290 2517 redderet
1313 2459 1711 2516 imbecilliorem.

119 2542 213 2620 (§
251 2544 425 2614 247.)
465 2537 722 2594 Similiter
753 2537 971 2609 officia,
1004 2536 1356 2615 quaestatui,
1401 2556 1566 2614 quem
1596 2537 1714 2593 vui-

118 2644 195 2700 go
235 2621 452 2688 dicunt,
491 2631 696 2675 externo
737 2618 1059 2688 consulunt,
1094 2618 1366 2694 (opibus,
1398 2617 1716 2675 fautoribus

120 2704 232 2762 &c
265 2698 640 2774 comparandis
687 2696 1035 2771 inserviunt)
1070 2697 1323 2756 definunt
1352 2697 1461 2756 effe
1499 2697 1716 2768 officia,

121 2784 162 2842 si
188 2781 353 2858 statui
387 2783 586 2837 interno
616 2779 859 2835 bominis
900 2792 1246 2855 repugnent,
1289 2779 1399 2836 boc
1425 2777 1505 2837 est
1528 2825 1544 2851 ‚
1591 2797 1714 2838 cor-

120 2866 274 2942 poris
305 2882 396 2920 aut
435 2860 598 2918 animi
633 2859 780 2918 vires
810 2858 1071 2936 frangant
1105 2874 1199 2916 aut
1237 2858 1543 2919 debilitent.

200 3022 243 3101 g.
284 3024 443 3081 (ΤΕ.
492 3019 691 3097 Officia
730 3041 855 3097 erga
880 3019 1220 3098 societatem,
1263 3020 1385 3078 sunt
1413 3018 1589 3097 officia
1623 3021 1717 3078 seu

115 3123 311 3182 genera
337 3107 590 3164 afflonmn
617 3105 923 3178 liberarum,
957 3121 1082 3180 quae
1111 3121 1165 3160 eo
1180 3100 1424 3182 spetiem
1445 3149 1462 3178 ‚
1502 3116 1560 3160 ut
1574 3103 1715 3176 ,quies

1592 3182 1721 3241 alio·
