2143 3848
119 234 266 298 PARS
293 233 365 297 Π.
542 232 762 295 Felicem
786 236 1105 300 ducentibus.
1135 237 1349 300 Sacrio
1375 239 1447 300 Π.
1609 259 1726 322 213

119 375 403 436 venientia
443 375 573 455 quid
607 377 670 435 [it
699 395 923 448 verum,
968 377 1172 454 quidve
1199 382 1389 442 falsum
1419 381 1474 440 in
1508 379 1612 442 hac
1637 381 1717 441 di-

117 457 378 537 sciplina,
421 455 689 516 aestimari
719 457 904 516 debet.
990 459 1175 518 Recte
1202 464 1526 541 JUVENALIS
1547 510 1564 537 ,

195 622 478 696 Nunquam
504 617 652 675 aliud
679 627 902 691 natura,
947 620 1095 683 aliud
1105 619 1378 701 sapientia
1407 623 1554 683 dicit.

114 777 322 835 Gradus
356 778 722 856 perfeetionis,
754 798 893 858 quae
944 781 1001 841 in
1042 783 1241 845 Ethica
1285 784 1454 844 inesse
1489 783 1709 863 potest,

109 878 344 933 augetur
374 902 394 932 ,
450 882 560 939 quo
594 861 885 919 dilucidius
914 907 930 934 ‚
987 865 1190 924 certius
1218 912 1233 939 ‚
1277 867 1503 943 preffius
1531 914 1546 939 ,
1592 866 1710 942 fin-

106 941 237 1015 gula
280 955 561 1019 praecepta
619 962 742 1002 vem
774 986 789 1013 ‚
845 941 907 1001 ἃ
961 964 1072 1021 quo
1127 946 1438 1024 copulatius
1464 989 1486 1019 ,
1539 956 1708 1026 atque

107 1021 540 1108 admovendam
587 1026 930 1083 voluntatem
973 1024 1156 1102 aptius
1206 1025 1485 1104 universa,
1530 1048 1707 1088 enun-

105 1113 336 1162 tiantur.

182 1184 271 1240 Ex
306 1201 415 1260 quo
456 1183 740 1261 disciplina
782 1203 1002 1243 morum
1042 1204 1074 1242 e
1109 1189 1358 1247 tenebris
1399 1188 1712 1262 subtilitatis

103 1262 471 1323 Scholasticae
503 1266 559 1324 in
595 1267 773 1324 lucem
814 1266 1070 1324 revocari
1103 1269 1333 1345 coepit3
1378 1270 1584 1328 nihilne
1616 1291 1707 1330 re-

102 1345 417 1404 centiorum
443 1345 760 1424 diligentiae
784 1345 1094 1423 superfuit,
1124 1368 1285 1427 quam
1315 1366 1374 1407 ut
1404 1368 1560 1422 earn,
1597 1370 1702 1429 qua

105 1425 311 1502 antiqui
331 1426 625 1485 censentur
642 1475 656 1496 ,
677 1427 1080 1503 perfectionem
1107 1429 1487 1506 patefacerent
1507 1433 1536 1489 ⁶?

186 1504 484 1585 Quaesti0‚
532 1523 592 1563 ut
629 1508 880 1577 videtur,
922 1525 991 1565 eo
1018 1510 1199 1583 redit3
1241 1531 1374 1570 num
1406 1511 1462 1569 in
1490 1512 1592 1571 hac
1618 1512 1702 1572 di-

101 1585 138 1644 s
129 1585 324 1662 ciplina
351 1586 470 1644 libri
493 1602 714 1645 veteres
734 1633 749 1659 ,
781 1587 873 1664 qui
892 1586 960 1644 ad
985 1603 1220 1649 aetatem
1242 1590 1483 1649 nostram
1500 1612 1703 1667 perve-

101 1681 342 1738 nerunt,
382 1667 521 1726 adeo
557 1668 887 1745 occuparint
919 1669 1131 1741 omnia,
1167 1670 1230 1731 6<
1252 1686 1445 1728 natura
1471 1670 1528 1728 in
1563 1693 1702 1731 con-

98 1746 376 1805 servandis
407 1747 618 1824 ingenii
653 1747 876 1807 humani
903 1747 1117 1809 viribus
1143 1751 1387 1811 success‘u
1428 1755 1698 1830 temporis
1750 1772 1758 1778 “

97 1827 239 1885 adeo
269 1826 521 1887 extiterit
548 1828 787 1901 effoeta,
819 1845 882 1886 ut
919 1828 980 1905 1)
1008 1831 1144 1889 nulli
1170 1851 1381 1890 errores
1407 1833 1694 1907 superfue-

95 1908 211 1966 rint
234 1908 600 1985 profligandi‚
629 1926 723 1967 aut
739 1909 1092 1968 exterminati
1111 1911 1214 1969 fint
1237 1914 1265 1969 ‚9
1297 1929 1356 1968 ut
1380 1914 1440 1986 2)
1470 1915 1700 1973 nihillu·

96 1987 177 2046 cis
206 1987 470 2046 accedere
493 1988 777 2065 potuerit,
821 2005 918 2046 aut
957 1989 1244 2049 accesserit
1273 1992 1327 2049 in
1366 1995 1505 2049 notis
1530 2012 1698 2052 vero·

93 2087 216 2127 rum
239 2068 554 2129 officiorum
580 2067 884 2144 definiendis
899 2116 913 2139 ,
940 2069 1110 2148 inque
1131 2072 1425 2132 tractandis
1448 2073 1512 2131 iis
1538 2093 1699 2147 {ar-aeq

95 2149 266 2226 cipue
303 2148 504 2209 officiis
525 2194 540 2222 ‚
565 2150 766 2226 quibus
784 2151 964 2209 civem
995 2171 1107 2210 non
1139 2151 1314 2212 solum
1341 2173 1469 2230 erga
1497 2157 1693 2227 civem,

95 2230 188 2289 sed
213 2228 274 2289 ὃ(
299 2248 430 2307 erga
451 2231 703 2308 quemvis
732 2232 1013 2290 hominem
1043 2231 1204 2313 fungi
1237 2239 1513 2311 oportet?
1545 2255 1602 2294 ut
1626 2234 1695 2313 3)

94 2312 272 2369 nullae
286 2309 563 2388 falsarum
586 2314 727 2370 virae
753 2313 1048 2388 regularmn
1074 2315 1439 2374 refutationes
1457 2363 1471 2388 ‚
1518 2319 1695 2375 nullae

77 2408 334 2450 verarum
375 2391 769 2465 probationeS‚
830 2393 933 2452 smt
982 2412 1237 2469 repertae
1287 2397 1539 2454 meliores
1558 2402 1586 2454 22
1632 2413 1695 2455 ut

98 2470 165 2548 5)
209 2471 266 2527 in
296 2469 412 2545 ipsa
449 2487 874 2547 praeceptorum
911 2475 1059 2548 quasi
1095 2478 1577 2552 coagmentatione
1605 2472 1712 2534 orT‘

97 2553 172 2611 do
214 2563 444 2607 natura-e
495 2549 665 2626 magis
715 2549 1111 2611 consentaneus
1164 2573 1276 2612 non
1322 2556 1569 2631 potuerit
1607 2577 1695 2614 re-

90 2629 298 2709 periri,
360 2648 538 2708 neque
581 2630 645 2687 fit
692 2631 997 2706 repertus?
1042 2648 1103 2689 ut
1146 2632 1210 2709 6)
1261 2635 1548 2695 aretiffinia
1599 2658 1694 2694 co-

95 2711 344 2790 pulati0‚
374 2731 480 2790 qua
508 2712 671 2769 timor
696 2709 889 2768 summi
919 2711 1187 2771 Numinis
1217 2716 1536 2774 continetur
1567 2739 1694 2787 cum

95 2790 295 2851 officiis
318 2836 332 2862 ,
378 2810 513 2869 quae
540 2791 713 2851 horno
748 2808 877 2866 erga
922 2791 1203 2852 hominem
1241 2795 1460 2856 servare
1491 2798 1697 2874 debet,

91 2891 211 2932 non
253 2871 496 2948 patuerit
545 2870 891 2942 evidentius,
936 2870 999 2930 ὃς
1041 2875 1311 2934 universe
1348 2879 1427 2956 7)
1471 2881 1527 2937 in
1575 2901 1698 2937 mo-

91 2953 294 3011 mentis
314 2994 335 3024 ,
368 2954 711 3013 voluntatem
738 2951 801 3010 ad
830 2954 966 3010 mala
995 2955 1288 3033 fugienda,
1337 2957 1397 3016 ἃ
1428 2961 1566 3017 bona
1596 2981 1695 3017 ve-

89 3053 148 3095 ra
176 3034 488 3117 expetenda
526 3033 912 3110 neumaiam,
954 3039 1130 3095 verbo
1148 3080 1170 3111 ‚
1214 3038 1272 3099 in
1304 3040 1700 3102 observatione

971 3119 1027 3177 O
1069 3138 1100 3198 3
1603 3141 1702 3182 na·
